3128 4976
223 511 290 556 mn.
309 495 364 574 11.]
447 511 560 559 casm
584 510 710 559 aucun
734 511 949 560 Aunnonuu.
1109 499 1175 562 213

217 669 368 751 jussum,
396 667 471 747 ipse
499 667 542 730 de
569 685 670 730 sacro
698 665 794 731 fonte
824 667 987 748 suscepit.
1051 667 1175 733 Evasit
1243 649 1247 656 ’

222 773 339 829 tamen
365 763 586 841 Godefr'idus,
609 766 701 829 inter
723 772 912 847 apparatus
937 765 1173 830 itinerantium

223 865 307 945 fuga
329 884 406 928 cum
434 864 584 945 quodam
604 863 779 941 Turfrido,
794 865 1007 929 diversarum
1022 866 1173 945 partium

223 963 321 1039 duce,
345 963 484 1044 lapsus3
508 982 658 1044 moxque
674 963 868 1027 Eboracum
882 964 1055 1039 obsidens,
1074 965 1172 1046 oppi-

223 1062 400 1142 danosque
428 1082 521 1125 nunc
547 1063 704 1143 precibus
732 1081 824 1125 nunc
852 1063 954 1125 minis
984 1062 1027 1124 ad
1058 1062 1172 1126 defec-

223 1162 352 1224 tionem
368 1161 608 1239 salicitanaet
626 1167 785 1224 neutrum
800 1181 863 1242 pro
878 1168 960 1225 voto
975 1161 1174 1243 expediens

223 1259 401 1324 abscessit.
454 1259 531 1324 Nec
561 1260 671 1323 multo
701 1267 793 1341 post,
821 1261 857 1323 in
888 1260 1037 1342 quodam
1059 1267 1173 1324 castro

224 1361 324 1422 ambo
345 1359 511 1436 conclusi,
533 1358 798 1422 custodientium
821 1359 1067 1441 perspicaciam
1082 1359 1173 1440 fugi·

224 1457 313 1520 endo
340 1458 521 1537 luserunt;
554 1477 700 1539 quorum
721 1457 905 1521 Turfridus
927 1465 1061 1522 mature
1083 1457 1173 1520 diem

225 1557 360 1624 obiitin
376 1557 502 1637 pelago
522 1556 724 1637 naufragus,
747 1557 867 1638 praeda
890 1557 1042 1639 piscibus
1064 1575 1173 1638 expo·

223 1655 322 1719 situs.
375 1654 597 1730 Godefridus,
612 1655 729 1719 multis
746 1655 892 1718 miseriis
908 1663 1002 1719 terra
1018 1655 1173 1737 marique

219 1753 387 1836 jactatus,
416 1752 459 1816 ad
485 1760 697 1834 postremum
726 1755 875 1834 supplex
902 1754 1033 1818 curiam
1054 1755 1171 1818 venit:

224 1852 271 1914 ibi
294 1852 435 1934 pacifice
455 1871 477 1914 a
494 1872 575 1932 rege
598 1859 792 1933 susceptus,
813 1859 1032 1934 quatuorque
1053 1852 1173 1916 diebus

224 1951 459 2033 profusissime
485 1971 563 2013 cum
582 1971 624 2014 eo
641 1952 858 2027 convivatus,
883 1970 991 2014 naves
1014 1970 1096 2014 suas
1119 1971 1172 2015 re·

225 2051 338 2131 petiit,
354 2049 469 2131 pirata
481 2057 595 2126 vetus,
609 2057 645 2112 et
661 2051 698 2112 in
713 2069 806 2131 aqua
821 2051 911 2114 sicut
929 2049 1034 2132 piscis
1056 2051 1173 2114 vivere

226 2157 397 2212 assuetus.
467 2148 692 2212 Ethelstanus
724 2149 856 2212 interea
884 2156 1048 2225 castrum,
1081 2149 1174 2228 quod

226 2247 308 2310 olim
334 2248 428 2311 Dani
452 2248 488 2309 in
513 2247 670 2310 Eboraco
692 2247 973 2323 obfirmaverant,
995 2247 1039 2310 ad
1062 2247 1174 2310 solum

226 2345 344 2421 diruit,
373 2365 416 2409 ne
437 2351 531 2408 esset
557 2365 626 2427 quo
655 2365 692 2408 sc
721 2346 829 2408 tutari
857 2344 1002 2426 perfidia
1032 2352 1172 2427 posset:

226 2444 345 2526 praeda
360 2463 438 2525 quae
452 2443 488 2506 in
503 2450 617 2507 castro
632 2451 770 2525 reperta
783 2443 907 2520 fuerat,
931 2451 966 2507 et
980 2462 1022 2506 ea
1035 2444 1174 2526 quidem
1246 2491 1255 2500 .

167 2577 182 2587 *
226 2543 450 2624 amplissima,
477 2542 660 2622 magnifice
688 2548 723 2604 et
750 2543 879 2605 viritim
907 2543 1030 2607 divisa.
1094 2542 1174 2605 Hoc

226 2643 317 2704 enim
348 2642 402 2704 vir
429 2641 488 2705 ille
516 2641 630 2704 animo
659 2641 889 2721 imperaverat
915 2660 991 2715 suo,
1021 2648 1062 2704 ut
1089 2640 1176 2703 nihil

227 2760 331 2822 opum
355 2740 399 2802 ad
422 2759 601 2803 crumenas
624 2739 820 2802 corraderet
833 2752 847 2818 ;'
869 2739 929 2802 sed
955 2739 1071 2802 omnia
1092 2759 1173 2802 con·

227 2840 367 2920 quisita,
392 2839 447 2902 vel
469 2839 700 2914 monasteriis,
719 2839 776 2902 vel
792 2838 949 2902 fidelibus
964 2838 1048 2915 suis,
1062 2837 1174 2901 m'uni·
1276 2893 1278 2898 .

229 2938 314 3002 ficus
329 2938 550 3020 expenderet.
591 2937 634 2999 In
652 2932 733 3000 ¹hoc
750 2937 931 3001 thesauros
949 2936 1125 3018 paternos,
1138 2936 1175 2999 in

228 3036 293 3101 hoc
307 3038 528 3101 victoriarum
545 3056 685 3100 suarum
708 3037 841 3112 titulos,
864 3043 939 3100 tota
952 3036 1027 3099 vita
1049 3055 1175 3099 evacu-

227 3138 320 3200 abat.
374 3137 450 3200 Deo
472 3135 721 3200 famulantibus
743 3155 874 3218 pronus
888 3142 924 3199 ot
940 3133 1063 3211 dulcis,
1078 3135 1176 3198 laicis

222 3235 396 3317 jocundus
431 3242 467 3299 et
504 3235 622 3310 comis,
657 3235 878 3315 magnatibus
915 3254 979 3316 pro
1019 3235 1177 3297 contuitu

226 3333 420 3417 majestatis
445 3335 566 3410 serius,
590 3334 779 3396 minoribus
804 3352 867 3414 pro
890 3333 1177 3395 condescensione

227 3425 239 3461 ²
245 3432 471 3513 paupertatis,
494 3431 651 3513 deposito
668 3431 766 3511 regni
783 3429 978 3511 supercilio,
993 3430 1178 3493 affabiliter

227 3531 374 3592 sobrius
425 3529 578 3605 Statura,
595 3536 634 3591 ut
646 3527 852 3610 accepimus,
868 3546 947 3609 quae
960 3527 1092 3610 justam
1108 3547 1177 3591 non

230 3622 442 3703 ³excelleret,
467 3647 610 3709 corpore
624 3627 792 3704 deduct03
822 3626 959 3706 capillo,
975 3618 1034 3688 ⁴ut
1049 3627 1117 3707 ipsi
1132 3645 1177 3689 ex

228 3727 381 3808 reliquiis
409 3725 570 3803 vidimus,
599 3724 703 3801 flavo,
727 3724 935 3813 filisgaureis
958 3724 1102 3805 pulchre
1124 3725 1177 3787 in·

228 3833 332 3888 torto.
385 3824 528 3888 Civibus
560 3823 786 3887 admiratione
815 3822 1027 3886 fortitudinis
1055 3831 1090 3887 ct
1113 3823 1177 3886 hu-

264 4063 363 4126 ¹Hoc.]
389 4064 423 4115 A.
438 4067 467 4114 C.
481 4065 516 4115 D.
530 4066 562 4114 E.
574 4065 622 4125 L.;
644 4065 692 4113 hoc
753 4059 935 4120 ³Exceiteret.]
951 4061 986 4112 A.
998 4061 1027 4111 S.
1042 4062 1071 4108 C.
1084 4061 1116 4110 E.
1129 4061 1178 4122 L.;

229 4138 306 4197 enim,
317 4137 346 4184 S.
717 4132 860 4192 excederet,
871 4131 906 4180 D.
919 4132 956 4179 M.

264 4203 468 4268 2Ριιιῳενίαὴέ.]
497 4203 531 4254 Δ.
550 4204 584 4253 D.
596 4204 629 4250 Ε.
641 4201 692 4260 L.;
753 4197 763 4227 ⁴
778 4201 813 4248 Ut
824 4200 872 4263 ipsi
882 4215 914 4248 ex
924 4198 1036 4262 reliquiis
1050 4193 1178 4266 vidimus]

230 4275 343 4336 pietatis,
354 4274 384 4324 S.
397 4275 427 4324 G.
719 4270 821 4319 D.E.L.
831 4285 838 4331 3
855 4269 969 4331 reliquiis
980 4270 1046 4330 ejus,
1057 4269 1086 4318 S.
