3128 4976
232 1687 276 1724 9⁵6.

391 500 457 564 234
620 511 734 560 casm
758 511 885 560 ancum
908 509 1120 558 suenorum.
1206 496 1289 576 [mn.
1308 512 1344 558 11.

393 678 430 734 et
453 671 544 734 inter
573 688 611 732 se
635 669 840 748 mussitare3
864 667 960 731 solus
986 668 1205 744 Dunstanus,
1223 660 1232 698 ¹
1236 667 1343 751 juxta

364 801 366 804 ·
395 770 541 833 nominis
559 769 614 832 sui
632 769 844 845 firmitatem,
866 767 952 830 nihil
978 767 1095 848 regale
1122 767 1344 848 supercilium

327 1634 382 1674 A.D.

395 870 540 946 veritae,
581 869 819 932 lascivientem
857 867 1085 950 juvenculum
1118 867 1287 930 violenter
1325 887 1344 930 e

395 968 556 1032 cubiculo
580 967 765 1044 abstraxit,
792 974 828 1031 et
844 960 923 1048 ²per
941 966 1099 1030 Odonem
1116 965 1345 1047 archiepisco-

395 1087 478 1149 pum
496 1067 653 1150 pellicem
667 1066 848 1150 repudiare
863 1073 1033 1142 coactum,
1056 1073 1261 1147 perpetuum
1278 1066 1346 1128 sibi

395 1167 574 1231 inimicum
597 1166 691 1230 fecit.
745 1165 834 1229 Mox
860 1166 1000 1238 etenim,
1016 1165 1216 1228 miserrimis
1239 1165 1344 1228 satel-

397 1266 517 1329 litibus
535 1266 718 1343 subnixus,
738 1279 856 1327 omnes
874 1265 910 1327 in
924 1271 1001 1327 tota
1017 1263 1149 1344 Anglia
1163 1265 1342 1328 monastici

396 1365 527 1428 ordinis
551 1364 717 1441 homineS,
735 1365 831 1446 prius
855 1363 1006 1426 nudatos
1031 1363 1236 1427 facultatum
1255 1382 1343 1426 aux-

396 1463 469 1537 ilio,
484 1471 565 1546 post
589 1465 694 1527 etiam
717 1462 918 1545 deportatos
943 1460 1061 1538 exilio,
1088 1461 1344 1525 calamitatibus

232 1585 331 1624 numan
347 1585 383 1624 a
395 1561 547 1644 indignis
575 1563 701 1626 affecit.
755 1561 877 1645 Ipsum
894 1561 1129 1638 Dunstanum,
1158 1560 1343 1649 monacho·

231 1635 313 1684 aranea,

395 1682 472 1725 rum
495 1663 741 1744 primicerium,
764 1654 818 1724 8ἰιι
842 1660 1042 1724 Flaudriam
1065 1660 1239 1743 propellit.
1292 1660 1345 1724 Ea

395 1767 602 1843 tempestate
624 1761 731 1824 facies
752 1761 1040 1824 monasteriorum
1065 1759 1160 1824 foeda
1184 1767 1220 1824 et
1242 1759 1344 1823 mise·

395 1860 514 1924 rabilis
531 1868 626 1940 erat;
649 1853 750 1923 ⁴nam
763 1867 798 1924 et
815 1859 1113 1923 Malmesbirienso
1135 1860 1343 1940 coenobium,

395 1959 582 2041 plusquam
607 1959 766 2022 ducentis
794 1959 1017 2040 septuaginta
1042 1959 1142 2022 annis
1170 1978 1193 2021 a
1224 1977 1344 2021 mona-

396 2059 470 2122 chis
486 2058 731 2136 inhabitatum,
746 2058 922 2122 stabulum
936 2058 1139 2123 clericorum
1152 2056 1245 2120 lecit.
1277 2056 1345 2121 Sed

396 2166 448 2233 tu,
459 2158 610 2221 Domino
621 2158 644 2222 J
647 2177 721 2236 esu,
733 2164 868 2221 creator
877 2165 913 2221 et
923 2164 1095 2222 recreator
1110 2164 1240 2233 noster,
1256 2157 1345 2220 boue

396 2257 538 2334 artifex,
561 2258 778 2340 multumque
809 2264 932 2338 potens
961 2257 1110 2320 formare
1142 2263 1262 2320 nostra
1286 2256 1345 2318 de-

397 2356 522 2420 formia
554 2377 617 2439 per
649 2356 728 2421 illos
754 2356 909 2420 homines
933 2355 1142 2438 irregulares
1166 2363 1202 2418 et
1224 2373 1345 2436 vagoS,

397 2455 601 2518 thesaurum
618 2463 716 2520 tuum
731 2462 786 2520 tot
800 2457 900 2518 annis
919 2455 1074 2519 abditum
1086 2455 1123 2518 in
1138 2455 1250 2517 lucem
1264 2472 1343 2535 pro·

397 2554 539 2637 palasti,
557 2556 651 2618 beati
667 2553 819 2619 Aldelmi
836 2574 962 2637 corpus
987 2555 1076 2632 dico,
1096 2553 1189 2637 quod
1214 2554 1283 2636 ipsi
1302 2553 1345 2616 de

396 2651 490 2718 terr'a
520 2652 694 2719 elevatum
725 2656 763 2717 in
790 2655 918 2717 scrinio
947 2654 1117 2717 locarunt.
1186 2650 1345 2717 Accessit

395 2754 599 2818 clericorum
632 2752 753 2834 gloriae
784 2754 912 2835 regalis
948 2752 1152 2829 liberalitaS,
1180 2759 1220 2815 ut
1247 2752 1370 2814 daret·

396 2860 518 2916 sancto
541 2853 721 2933 praedium,
748 2851 976 2934 amplitudine
1004 2859 1039 2915 et
1065 2852 1245 2915 vicinitate
1268 2852 1345 2933 ipsa

396 2958 703 3032 peropportunum.
762 2950 937 3015 Caeterum
960 2951 1065 3033 longe
1086 2949 1204 3014 horret
1227 2957 1346 3036 nostra

396 3050 562 3113 memoria
586 3069 691 3131 quam
712 3050 875 3113 immanis
896 3049 1001 3113 fuerit
1022 3051 1059 3112 in
1076 3050 1211 3132 reliqua
1227 3069 1345 3113 coeno-

395 3150 466 3225 bia,
478 3155 513 3211 et
525 3156 668 3232 propter
681 3150 796 3212 aetatis
812 3149 996 3226 lubricum,
1011 3156 1047 3214 et
1061 3156 1203 3232 propter
1213 3147 1346 3231 pellicis

431 3379 856 3446 ¹Jaxtoacmiaissaiflrmitatem.]
884 3380 1009 3443 Compare
1039 3381 1107 3430 Flor,
1130 3379 1244 3441 Wigorn.
1275 3379 1345 3428 A.D.

394 3451 419 3499 -Α
439 3453 535 3502 similar
557 3452 703 3513 expression
725 3466 816 3500 occurs
833 3451 859 3499 in
884 3455 941 3500 958.

396 3522 520 3586 Osberne,
535 3522 577 3570 De
588 3523 648 3570 Vita
666 3521 693 3570 S.
712 3521 857 3570 Dunstani:
920 3517 969 3568 ³Ia
978 3518 1264 3582 flandriampropellit]
1274 3518 1348 3568 Dun-

395 3592 403 3618 ⁴
413 3592 464 3640 Sed
475 3593 530 3654 ille,
541 3593 618 3653 juxta
631 3591 808 3652 etymologiam
816 3605 859 3639 no·
885 3593 942 3639 stan
952 3604 1007 3639 was
1018 3589 1141 3639 banished
1150 3589 1220 3637 A.D.
1227 3591 1286 3650 956,
1297 3588 1345 3636 and

396 3662 472 3709 minis
484 3663 534 3724 sui,
542 3666 572 3708 ut
583 3675 654 3709 mons
665 3661 803 3721 persistens
814 3661 860 3707 im·
885 3674 940 3709 was
951 3659 1108 3720 honourably
1118 3657 1235 3716 received
1253 3659 1288 3719 by
1299 3658 1348 3705 Ar-

396 3731 515 3780 mobilis!
547 3731 579 3777 Iu
600 3730 784 3790 Anglo·Saxon
808 3743 859 3778 uua
885 3730 946 3778 noul
965 3734 1041 3778 count
1058 3730 1088 3777 ol
1108 3728 1239 3778 Flanders.
1282 3728 1347 3776 Con·

397 3800 510 3861 significa
521 3813 537 3847 a
548 3799 602 3860 bill,
614 3799 665 3847 and
676 3813 738 3846 sula
750 3814 766 3847 a
777 3803 852 3848 strae.
884 3800 988 3862 cerning
1005 3800 1048 3847 the
1065 3798 1139 3861 place
1151 3797 1179 3846 ol
1187 3798 1228 3845 his
1245 3797 1347 3846 banish-

440 3865 513 3917 ”Per
533 3870 640 3916 Odoaem
656 3868 859 3932 archiepiscopum
885 3873 961 3926 ment,
989 3883 1031 3918 aee
1057 3868 1188 3916 Adlardus
1216 3867 1348 3916 Blandini-

394 3939 505 4000 pellicem
516 3938 644 4002 repudiare
658 3935 787 4007 combam]
806 3939 859 3987 The
885 3940 962 4000 ensis,
972 3939 1013 3987 De
1025 3938 1086 3986 Vita
1098 3938 1125 3987 S.
1137 3937 1274 3987 Dunstani.

396 4008 481 4057 Saxon
498 4008 631 4058 Chronicle
652 4012 739 4070 states,
761 4009 859 4057 thatin
919 4005 1007 4057 ⁴Nom
1024 4011 1049 4056 et
1066 4005 1276 4060 Molnresdiriease
1298 4040 1345 4056 ...

394 4078 438 4126 the
458 4092 520 4139 year
541 4083 600 4142 958,
617 4077 685 4140 Odo,
707 4079 858 4138 archbishop
882 4077 1106 4142 peropportunum]
1123 4077 1185 4125 This
1202 4075 1346 4137 paragraph

395 4148 424 4194 ol
445 4147 613 4208 Canterbury‚
631 4149 765 4208 separated
789 4149 860 4210 King
884 4163 973 4197 occure
992 4149 1082 4197 almum
1093 4147 1164 4196 word
1181 4147 1220 4195 for
1231 4145 1301 4194 word
1318 4145 1345 4193 in

396 4217 496 4276 Eadwy
519 4218 569 4266 and
592 4217 724 4279 Aellgyfa,
748 4219 859 4266 because
885 4218 1001 4267 Malmee.
1031 4218 1071 4265 De
1107 4216 1168 4264 Vita
1203 4214 1342 4264 Aldhelmi.

395 4285 453 4345 they
465 4301 531 4334 were
550 4292 591 4334 too
610 4287 695 4346 nearly
717 4288 858 4336 related-
885 4286 974 4352 (Angl.
986 4287 1055 4337 Seer.
1067 4301 1127 4348 pars
1139 4299 1169 4336 11.
1183 4281 1236 4348 32.)
