3128 4976
391 487 458 552 212
608 501 722 551 cnsrn
749 501 875 549 uneuu
899 500 1114 550 nucnouuu.
1194 485 1337 566 [ulau.

385 660 532 723 nominis
548 666 680 723 terrore
699 657 914 742 subjugavit,
938 656 1065 739 praeter
1090 659 1184 721 solos
1207 658 1339 722 North-

385 758 593 822 anhimbros
634 759 727 822 Nam
740 764 889 840 praeerat
901 758 970 822 illis
982 757 1172 820 Sihctricus
1184 757 1336 838 quidam,

385 864 489 938 gente
512 864 548 921 et
573 857 689 921 animo
716 858 896 931 barbarus
922 863 1093 937 cognatus
1122 856 1217 919 illius
1244 855 1336 919 Gur-

386 956 507 1020 mundi
533 950 592 1018 ¹de
619 976 688 1037 quo
711 957 747 1018 in
770 957 878 1037 gestis
911 955 1042 1019 Elfredi
1073 955 1165 1035 regis
1197 955 1336 1036 legitur,

387 1056 460 1136 qui,
478 1074 556 1117 cum
572 1062 829 1119 antecessorum
851 1074 972 1135 regum
994 1054 1185 1135 potentiam
1202 1055 1337 1135 rugatis

389 1153 530 1217 naribus
555 1154 742 1231 derisisset,
767 1153 871 1236 hujus
901 1152 1103 1216 affinitatem
1128 1153 1221 1216 ultro
1253 1172 1336 1234 sup-

388 1252 537 1334 plicibus
563 1254 699 1316 nunciis
732 1253 898 1333 expetiit;
931 1253 1006 1332 ipse
1033 1271 1183 1333 quoque,
1210 1252 1336 1314 festino

389 1351 476 1432 pede
519 1353 737 1428 subsecutus,
780 1352 888 1415 verba
931 1351 1126 1432 legatorum
1165 1351 1335 1428 asseruit3

389 1469 497 1530 quare
515 1457 550 1514 et
572 1452 701 1514 sororis
716 1444 872 1531 ²copula,
897 1457 932 1512 et
954 1450 1201 1531 multiplicibus
1224 1450 1337 1513 xeniis

389 1557 603 1626 muneratus
630 1551 788 1632 perpetui
815 1548 956 1612 ioederis
989 1549 1213 1611 fundamenta
1239 1548 1334 1630 jecit.

390 1647 470 1724 Sed,
487 1643 545 1711 ³ut
566 1649 771 1729 praedictum
788 1649 915 1724 recolo,
939 1654 1020 1730 post
1040 1666 1168 1710 annum
1184 1649 1259 1710 vita
1278 1647 1337 1710 de·

390 1749 562 1823 turbatus,
607 1749 823 1811 occasionem
867 1747 1072 1811 Ethelstano
1107 1745 1264 1809 exhibuit
1299 1755 1339 1808 ut

391 1844 832 1932 Northanhimbriam-suae
856 1846 948 1928 parti
967 1847 1143 1929 jungeret.
1171 1863 1249 1926 quae
1274 1845 1339 1908 sibi

391 1951 426 2007 et
462 1945 605 2026 antiquo
641 1945 722 2028 jure
757 1953 792 2008 et
831 1965 923 2009 nova
958 1944 1210 2008 necessitudine
1245 1963 1338 2006 com-

391 2049 533 2124 peteret.
585 2036 711 2125 4Fugit
741 2051 824 2106 tunc
851 2042 1022 2108 Analafus
1055 2043 1146 2106 filius
1180 2043 1339 2105 Sihctrici

393 2140 612 2218 Hiberniam,
629 2149 665 2206 et
680 2138 908 2206 ⁵Godeiridus
934 2143 1042 2206 frater
1065 2141 1141 2224 ejus
1163 2141 1337 2220 Scotiam3

392 2241 567 2304 subsecuti
589 2249 671 2304 sunt
695 2262 714 2304 e
738 2242 886 2322 vestigio
908 2242 1043 2322 regales
1066 2240 1161 2303 missi
1185 2241 1229 2303 ad
1245 2239 1337 2303 Con-

392 2341 584 2403 stantinum
616 2361 732 2421 regem
763 2340 973 2417 Scottorum,
1003 2347 1038 2403 et
1068 2339 1263 2421 Eugenium
1286 2359 1339 2401 re·

391 2457 471 2518 gem
505 2438 744 2516 Cumbrorum,
784 2439 1000 2520 transfugam
1039 2457 1117 2502 cum
1154 2438 1340 2501 denuncia-

396 2536 490 2600 tione
511 2538 592 2601 belli
621 2544 828 2619 repetentes.
900 2538 976 2601 Nec
1005 2537 1071 2600 fuit
1098 2538 1232 2601 animus
1261 2539 1339 2600 bar-

395 2636 489 2699 baris
514 2644 553 2701 ut
580 2644 700 2701 contra
726 2638 903 2713 mutirent,
928 2636 1012 2718 quin
1036 2636 1152 2718 potius
1181 2637 1254 2698 sine
1287 2656 1340 2698 re·

396 2736 578 2812 tructione,
603 2730 666 2799 ⁶ad
694 2737 807 2800 locum
824 2737 884 2818 qui
901 2736 1019 2799 Dacor
1032 2742 1178 2798 vocatur
1200 2736 1340 2799 venien-

395 2840 460 2911 tes,
483 2853 520 2898 se
543 2854 620 2898 cum
641 2836 714 2898 suis
733 2837 849 2916 regnis
869 2833 1062 2916 Anglorum
1078 2835 1151 2915 regi
1170 2833 1339 2897 dedidere.

396 2930 440 2994 In
458 2933 557 3016 cujus
574 2935 668 3014 pacti
681 2935 795 3014 gratia
808 2933 916 2998 filium
931 2933 1151 2997 Constantini
1172 2933 1342 3015 baptizari

432 3140 492 3191 ¹De
507 3159 553 3206 quo
569 3145 595 3192 ia
610 3147 690 3206 gestie
705 3147 803 3206 Elfredi
817 3162 856 3195 re·
881 3147 967 3209 kings,
978 3148 1060 3196 Anlel
1075 3163 1119 3197 son
1132 3149 1161 3197 oi
1176 3149 1277 3210 Sihtric,
1292 3150 1342 3198 and

394 3211 438 3273 gir
453 3214 568 3276 legitera]
581 3214 706 3265 Guthorm
718 3216 778 3264 died
786 3217 856 3266 ΑΒ.
882 3217 1032 3278 Raegenald
1044 3231 1089 3266 son
1101 3218 1131 3266 of
1139 3218 1287 3268 Guthlerth.

396 3285 454 3330 891.
490 3283 537 3330 See
549 3289 633 3344 antea,
644 3282 657 3348 ξ
670 3288 727 3347 121,
738 3301 765 3346 p.
778 3289 836 3334 182.
1154 3287 1156 3292 '

431 3347 569 3415 chm]
589 3355 619 3403 c·
633 3353 667 3403 D.
681 3356 713 3404 Ε.
725 3355 774 3417 Εἰ
791 3355 856 3404 aster
916 3324 926 3353 ⁶
939 3327 1087 3386 Godcfridus
1095 3329 1181 3386 frater
1195 3329 1247 3390 eius
1262 3331 1343 3380 Scoti-

396 3420 528 3539 ma?
544 3422 578 3473 Α·
595 3423 670 3473 ‘⁰⁸⁶⁸
686 3426 735 3473 ‘¹²‘
746 3427 800 3486 1²¹³
816 3426 855 3474 bl
880 3395 1342 3528 idli‘lllffldi'dll‘llilffbl

433 3556 444 3585 ³
463 3560 497 3608 Ut
517 3563 663 3623 predictum
683 3563 780 3626 recola]
808 3564 856 3612 See
881 3539 939 3584 92⁷·

398 3630 505 3691 anteat
518 3633 575 3692 131,
586 3646 612 3691 p.
622 3635 680 3680 206.
916 3631 980 3683 ‘Aa
998 3636 1075 3684 locum
1092 3637 1134 3698 qui
1153 3639 1233 3686 Dacor
1244 3643 1342 3686 vocatur

432 3695 443 3726 ⁴
462 3698 543 3759 Fugit
570 3703 627 3747 tuac
648 3699 770 3759 Anulusus
783 3701 858 3765 filias
882 3705 1159 3769 ....regidedidere.]
1177 3708 1297 3756 Florence
1316 3707 1345 3757 of

398 3764 537 3826 Sihctrici.]
570 3768 624 3815 The
640 3769 712 3830 night
727 3769 757 3818 of
770 3771 858 3833 Aulus,
881 3773 1032 3834 worcester,
1050 3776 1131 3824 under
1148 3777 1190 3824 the
1208 3791 1270 3837 year
1285 3781 1343 3838 934,

397 3847 443 3881 son
454 3835 592 3897 ossuum,
607 3838 659 3885 into
675 3839 787 3899 Ireland,
797 3838 856 3888 here
881 3841 952 3906 (Sex.
972 3843 1065 3892 Chron.
1082 3842 1152 3907 933,)
1170 3847 1262 3894 relates
1288 3847 1343 3894 that

397 3905 548 3966 mentioued,
558 3905 605 3954 has
619 3907 659 3954 led
672 3921 740 3956 some
750 3913 776 3956 to
788 3909 857 3957 iden·
881 3911 1040 3974 Aethelstdn,
1058 3914 1168 3962 because
1179 3915 1342 3964 Constantina

397 3971 446 4033 tity
464 3974 515 4021 him
534 3976 596 4023 with
616 3975 679 4024 Oluf
698 3977 728 4024 of
746 3977 857 4039 Ireland,
882 3980 944 4042 king
954 3981 984 4029 of
991 3981 1033 4030 the
1045 3982 1118 4030 Scots
1128 3983 1180 4030 had
1194 3985 1290 4032 broken
1301 3985 1342 4034 his

397 4043 455 4091 who
466 4043 556 4106 fought
566 4046 666 4106 against
672 4045 821 4095 Aedelsttn
831 4049 857 4096 iu
881 4054 963 4110 treaty
974 4050 1036 4098 with
1045 4051 1107 4112 him,
1116 4052 1235 4101 marched
1242 4055 1343 4114 against

396 4114 454 4160 938.
481 4113 534 4162 The
546 4113 630 4162 Saxon
638 4114 770 4164 Chronicle
779 4121 856 4167 states
881 4119 1009 4179 Scotland,
1027 4120 1077 4168 and
1095 4121 1259 4180 Constantine
1278 4136 1342 4183 gave

394 4179 450 4228 that
470 4182 496 4228 in
513 4186 563 4230 944
577 4183 795 4244 KiugEadmuud
812 4200 857 4233 ex·
881 4187 921 4236 his
932 4189 1161 4252 sonasabostage
1178 4196 1204 4239 to
1220 4192 1263 4240 the
1275 4193 1344 4252 Eng-

394 4249 478 4306 pelled
487 4249 549 4298 from
562 4251 794 4301 Northumberland
805 4259 856 4303 two
880 4257 930 4304 lish
942 4257 1013 4320 king.
