3128 4976
211 513 281 562 nna
296 496 353 577 11.]
436 511 701 560 eusraaneuu
725 511 940 561 suetonum.
1098 501 1163 565 207

212 670 400 736 invadendi
439 671 548 752 regni,
587 689 664 733 curn
702 670 902 754 supradicto
933 670 1163 735 Constantino

212 773 337 836 iterum
354 771 553 846 rebellante,
571 770 735 833 terminos
752 772 947 834 transierat.
981 771 1028 834 Et
1041 771 1162 834 Ethel-

212 878 315 934 stano
339 889 384 932 ex
407 869 565 933 consulto
582 870 736 946 cedente,
755 877 796 933 ut
815 870 999 950 gloriosius
1012 869 1087 952 jam
1110 871 1163 932 iu-

213 969 402 1034 sultantem
425 969 590 1046 vinceret,
614 970 761 1031 multum
785 970 821 1032 in
836 967 1002 1051 Angliam
1023 989 1163 1052 proces-

213 1077 307 1132 serat
330 1069 471 1151 juvenis
512 1067 762 1131 audacissimus
799 1075 836 1131 et
871 1069 994 1132 illicita
1025 1069 1163 1151 spirans

214 1167 341 1244 animo,
366 1168 422 1230 cui
446 1167 585 1230 tandem
600 1169 736 1249 magnis
754 1169 886 1231 artibus
904 1167 1041 1245 ducum,
1065 1188 1163 1249 mag-

215 1268 269 1330 nis
291 1267 423 1332 viribus
445 1267 605 1343 militum,
629 1266 720 1349 apud
744 1260 950 1330 1Brunefeld
972 1287 1162 1331 occursum.
1176 1287 1247 1326 sarna
1260 1287 1284 1324 οι

216 1353 303 1443 Ille,
324 1367 383 1448 qui
411 1372 546 1429 tantum
570 1367 760 1447 periculum
792 1366 968 1430 imminere
997 1373 1163 1443 cerneret,
1175 1339 1326 1436 diffinio.

216 1473 296 1529 astu
310 1465 540 1546 exploratoris
560 1485 686 1528 munus
703 1485 901 1546 aggressus,
921 1465 1087 1548 depositis
1110 1485 1164 1528 re·
1176 1439 1221 1476 ‘³³⁸'

216 1566 283 1646 giis
299 1565 504 1645 insignibus,
517 1571 764 1647 assumptaque
778 1565 814 1626 in
826 1557 1004 1627 ²manibus
1019 1564 1170 1642 cithara,¹

217 1665 261 1726 ad
286 1665 471 1727 tentorium
493 1665 585 1744 regis
613 1663 724 1726 nostri
741 1651 979 1746 progreditur:
1004 1665 1063 1726 ubi
1086 1684 1165 1727 cum

216 1781 288 1845 prae
304 1762 434 1826 foribus
457 1764 643 1838 cantitanS,
664 1763 836 1826 interdum
852 1781 990 1844 quoque
1006 1769 1164 1845 quateret

217 1860 309 1925 dulci
326 1862 524 1925 resonantia
539 1861 598 1924 fila
612 1861 775 1938 tumultu,
789 1860 889 1924 facilc
903 1862 1074 1925 admissus
1100 1869 1164 1938 est,

217 1962 392 2044 professus
425 1962 566 2024 mimum
598 1963 657 2043 qui
699 1960 896 2044 hujusmodi
927 1968 1002 2025 arte
1041 1961 1165 2043 stipem

216 2061 454 2142 quotidianam
491 2066 710 2124 mercaretur.
774 2059 907 2142 Regem
937 2067 972 2123 et
1001 2061 1166 2124 convivas

216 2159 348 2222 musico
387 2165 562 2222 acromate
597 2159 847 2241 aliquantisper
882 2159 1051 2236 delinivit,
1089 2179 1167 2221 cum

216 2259 307 2321 inter
320 2257 536 2340 psallendum
550 2259 665 2320 omnia
680 2257 790 2320 oculis
807 2264 1030 2321 scrutaretur.
1063 2257 1167 2320 Post-

219 2376 323 2437 quam
350 2357 495 2419 satietas
520 2356 643 2418 edendi
656 2355 757 2418 finem
780 2355 911 2419 deliciis
934 2356 1168 2437 imposuisset,

219 2463 256 2519 et
269 2456 435 2519 severitas
459 2454 722 2518 administrandi
744 2454 825 2516 belli
839 2455 876 2518 in
890 2455 1062 2537 colloquio
1087 2476 1167 2538 pro-

219 2575 336 2618 cerum
350 2553 616 2630 recrudesceret,
633 2553 728 2615 abire
737 2553 858 2635 jussus
879 2554 1027 2635 pretium
1044 2561 1168 2617 cantus

220 2654 364 2735 accepit.
398 2652 500 2731 Quod
511 2659 691 2733 asportare
704 2670 889 2729 nauseans,
900 2654 964 2715 sub
975 2672 1012 2715 se
1025 2653 1061 2714 in
1076 2659 1170 2715 terra

220 2752 362 2816 defodit.
415 2751 587 2815 Notatum
614 2750 650 2815 id
679 2769 701 2814 a
732 2750 881 2832 quodam
910 2750 969 2833 qui
1008 2752 1090 2814 olim
1118 2751 1170 2813 illi

220 2852 415 2928 militasset,
430 2858 465 2915 et
480 2849 660 2914 confestim
675 2848 882 2913 Athelstano
891 2850 1041 2938 dictum.
1087 2851 1169 2934 Ipse

221 2951 392 3014 hominem
416 2951 580 3014 incusans
606 2949 698 3032 quod
722 2947 856 3012 hostem
880 2969 952 3032 prae
975 2949 1083 3013 oculis
1106 2969 1169 3030 po*

221 3051 326 3114 situm
353 3069 423 3113 non
450 3049 669 3131 prodidisset,
696 3047 761 3111 hoc
788 3057 992 3130 responsum
1015 3043 1167 3130 accepit:

222 3155 232 3183 ‘
246 3149 344 3213 Idem
370 3155 622 3213 sacramentum
638 3148 730 3230 quod
744 3148 808 3211 tibi
823 3168 943 3230 nuper,
957 3148 988 3211 Ο
1005 3167 1081 3225 rex,
1093 3147 1170 3224 leci,

222 3249 396 3330 quondam
412 3245 563 3311 Analaso
586 3247 685 3327 dedi3
717 3247 809 3330 quod
833 3246 863 3310 si
886 3249 922 3310 in
946 3248 1022 3330 ipso
1043 3267 1098 3310 me
1117 3247 1170 3310 vi'-

222 3347 331 3411 disses
347 3347 488 3423 violare,
503 3347 546 3411 de
561 3354 747 3429 tequoque
764 3365 884 3427 posses
904 3347 1101 3429 exemplum
1113 3346 1170 3408 'si-

222 3447 302 3508 mile
325 3465 459 3509 cavere.
511 3445 579 3508 Sed
602 3445 745 3526 dignare
768 3444 888 3506 famuli
913 3445 1032 3507 audire
1057 3444 1170 3507 consi-

221 3544 318 3620 lium,
340 3551 379 3608 ut
400 3543 480 3608 hinc
497 3543 683 3607 tentorium
711 3561 892 3621 amoveas3
916 3543 1055 3624 alioque
1079 3542 1169 3619 loco,

222 3663 330 3726 usque
353 3643 434 3706 dum
459 3649 576 3725 partes
598 3642 728 3704 relictae
743 3641 897 3717 veniant,
926 3659 1082 3718 maneae,
1104 3641 1171 3703 ini-

223 3743 350 3806 micum
372 3742 569 3823 petulanter
595 3740 820 3804 insultantem
848 3741 1004 3804 modesta
1029 3745 1171 3803 cuncta-

221 3842 315 3905 tione
347 3841 510 3922 frangas.’
577 3841 682 3904 Dicto
709 3841 868 3922 probato,
899 3839 1086 3903 discessum
1118 3846 1173 3902 est

258 4069 685 4135 ¹Bruaefetd.]D.E.M.;Brune-
709 4069 762 4117 The
790 4068 869 4117 battle
896 4082 951 4117 was
981 4066 1071 4129 fought
1098 4067 1170 4117 Μ).

221 4141 286 4202 sord,
298 4140 331 4191 A.
344 4143 373 4191 S.
386 4143 417 4190 L.
428 4158 435 4190 ι
454 4140 605 4202 Breneveld,
618 4141 684 4188 C.—
709 4142 767 4187 938.

224 4211 410 4272 Brunanburgh
441 4211 468 4258 in
503 4209 684 4258 Northumber·
743 4205 904 4272 ²Muaibue.]
932 4209 962 4256 C.
975 4206 1010 4256 D.
1022 4207 1069 4267 E.;
1086 4221 1173 4269 manu,

224 4280 284 4328 land
295 4297 302 4340 ;
312 4281 354 4329 the
363 4285 438 4330 exact
444 4281 491 4330 site
500 4280 522 4328 is
530 4284 574 4328 not
581 4279 683 4328 known.
712 4277 744 4326 A.
758 4278 787 4328 S.
799 4279 830 4328 L.
