3162 4972
243 1856 370 1896 Aeeountol

242 1907 327 1946 Alauin.

404 459 449 524 94
631 477 745 525 cnsrn
769 477 895 526 uncuu
921 477 1132 525 Ancnoauu.
1229 463 1314 544 [nra.
1332 479 1356 526 r.

405 640 442 697 et
456 634 622 699 educatus
644 634 789 713 fueram,
818 641 853 698 et
878 641 1043 718 praeesset
1068 635 1239 700 thesauris
1265 637 1357 720 sapi-

405 735 509 798 entiae
524 735 560 798 in
582 735 706 817 quibus
726 755 781 799 me
797 727 979 815 ¹magister
999 754 1096 798 meus
1118 736 1264 800 dilectus
1287 737 1357 819 Eg-

406 835 524 897 bertus
548 835 825 917 archiepiscopus
847 833 1017 897 haeredem
1043 835 1207 917 reliquit’
1267 835 1356 900 Item

406 925 559 998 ²Karolo
572 931 753 1016 Augusto:
778 934 892 998 ‘Date
901 934 984 996 mihi
992 933 1235 1016 exquisitiores
1246 937 1358 1000 erudi-

407 1034 510 1097 tionis
533 1034 749 1098 scholasticae
772 1033 918 1110 libellos,
934 1034 1054 1115 quales
1068 1034 1105 1096 in
1119 1036 1234 1117 patria
1252 1035 1357 1100 habui

405 1151 467 1215 per
488 1134 614 1197 bonam
628 1140 664 1196 et
676 1132 933 1198 devotissimam
955 1133 1112 1215 magistri
1133 1135 1201 1198 mei
1215 1134 1359 1216 Egberti

405 1231 653 1315 archiepiscopi
665 1232 882 1296 industriam.
935 1232 993 1310 Et,
1007 1233 1036 1296 si
1051 1232 1165 1315 placet
1176 1234 1357 1316 sapientiae

404 1341 543 1409 vestrae,
567 1332 740 1396 remittam
765 1333 899 1414 aliquos
924 1351 970 1395 ex
995 1332 1111 1414 pneris
1134 1333 1274 1411 nostris,
1296 1335 1357 1416 qui

404 1432 581 1514 excipiant
604 1433 685 1495 inde
711 1450 858 1514 quaeque
891 1433 1097 1509 necessaria,
1127 1439 1162 1496 et
1189 1433 1357 1498 revehant

404 1532 441 1595 in
456 1532 639 1595 Franciam
653 1531 755 1595 dores
770 1531 974 1607 Britanniae,
991 1538 1026 1595 et
1041 1551 1111 1594 non
1133 1531 1179 1596 sit
1201 1540 1354 1597 tantum·

403 1632 506 1694 modo
527 1630 564 1694 in
587 1630 745 1694 Eboraca
767 1631 888 1694 hortus
902 1631 1097 1708 conclusuS,
1120 1631 1180 1694 sed
1202 1633 1306 1696 etiam
1320 1633 1356 1697 in

404 1729 580 1794 Turonica
595 1731 795 1793 emissiones
808 1728 984 1812 paradisi.'

456 1829 542 1912 566.
568 1828 638 1892 Hic
653 1836 706 1892 est
723 1827 902 1894 Alcwinus
919 1830 990 1911 qui,
1012 1837 1053 1892 ut
1075 1828 1161 1907 dixi,
1181 1849 1245 1911 pro
1269 1851 1355 1913 pace

405 1927 588 1997 Franciam
610 1927 748 2004 missuS,
771 1929 819 1991 ibi
841 1928 933 2011 apud
958 1928 1140 2006 Karolum,
1163 1948 1224 1993 seu
1253 1937 1354 1994 terrae

403 2029 604 2092 amoenitate
619 2048 681 2092 seu
706 2028 796 2109 regis
820 2027 1035 2092 humanitate
1058 2035 1193 2111 captus,
1208 2030 1353 2110 resedit3

402 2129 588 2210 magnique
602 2129 693 2210 apud
709 2147 787 2192 eum
800 2127 939 2190 habitus
953 2128 1165 2210 imperialem
1188 2130 1351 2206 animum,

402 2234 571 2310 quantum
594 2229 637 2291 ab
660 2227 781 2290 aulicis
803 2228 894 2290 curis
915 2229 1076 2304 vacabat,
1095 2227 1290 2306 dialectica,
1317 2237 1352 2294 et

402 2327 586 2405 rhetorica,
601 2335 637 2392 et
659 2327 763 2391 etiam
787 2327 998 2391 astronomia
1021 2328 1127 2409 probe
1150 2330 1353 2410 composuit.

403 2427 490 2491 Erat
514 2428 605 2492 enim
628 2425 778 2491 omnium
806 2424 1013 2507 Anglorum,
1030 2444 1116 2508 quos
1144 2427 1282 2508 quidem
1304 2429 1352 2493 le·

402 2527 523 2608 gerim,
542 2534 622 2610 post
641 2528 780 2590 beatum
796 2513 992 2590 Aldelmum
1010 2534 1045 2590 et
1066 2527 1210 2604 Bedam,
1225 2527 1353 2593 doctis·

400 2627 522 2705 simae,
537 2627 723 2709 multisque
740 2626 836 2690 libris
853 2626 984 2706 ingenii
1001 2625 1191 2707 periculum
1205 2619 1316 2697 ³fecit.

453 2727 544 2810 §62
570 2726 674 2804 Sane,
702 2726 865 2808 quoniam
890 2725 935 2789 ad
958 2724 993 2788 id
1019 2725 1172 2789 locorum
1197 2727 1353 2790 venimus

437 2925 583 2988 'Magister
604 2941 671 2975 mera
691 2925 795 2974 dilectus
813 2927 866 2988 Eg·
926 2923 1040 2975 ‘Karou
1057 2925 1193 2990 Augusta]
1221 2928 1279 2976 Alc.
1302 2928 1354 2991 op.

401 2997 485 3045 ber-tm
495 2989 709 3062 archiepiscopus]
727 2995 808 3044 There
819 2997 866 3044 has
891 2997 1344 3059 tom.r.vol.1.p.52.epist.xxxvnr.

402 3067 466 3115 been
478 3081 546 3116 some
557 3066 637 3114 doubt
650 3065 829 3126 expresscd'as
840 3069 866 3114 to
928 3064 1046 3129 wacta]
1054 3064 1155 3116 A.E.L.
1166 3082 1174 3126 ;
1185 3065 1269 3115 after‘
1276 3067 1354 3132 fecit‚’

402 3136 487 3184 which
498 3136 527 3184 oi
540 3134 658 3184 Alcuin's
673 3139 779 3183 masters
796 3135 819 3183 is
830 3135 865 3184 al·
893 3136 922 3184 S.
937 3137 966 3185 G.
978 3136 1017 3185 Μ.
1029 3135 1090 3185 read
1101 3137 1109 3164 ⁴
1121 3137 1198 3185 Jacet
1208 3137 1234 3184 in
1246 3137 1354 3187 Francia

402 3205 481 3255 luded
499 3211 525 3254 to
544 3206 570 3253 in
588 3205 638 3254 this
654 3206 737 3254 letter.
772 3205 867 3254 Aleuin
891 3207 961 3267 apud
979 3206 1100 3254 Sanctum
1117 3205 1229 3255 Paulum
1248 3207 1281 3256 de
1292 3208 1354 3256 Cor·
1382 3208 1392 3224 ¹

402 3275 667 3325 studledunderboth
676 3273 866 3335 Eogberhtand
891 3276 1075 3337 marico,quod
1089 3276 1232 3324 coenobium
1242 3276 1354 3327 Karalus
1394 3320 1396 3326 .

401 3346 443 3394 his
455 3359 586 3394 successor
596 3344 771 3405 Aethelberht,
782 3359 812 3394 as
823 3344 865 3393 the
890 3359 998 3407 magnus
1008 3347 1065 3407 ejus
1076 3345 1181 3396 consilio
1197 3348 1354 3409 construxit3

401 3415 730 3465 authorofhislilewrites:
743 3415 866 3476 ‘Ecgben
891 3415 959 3464 unde
981 3415 1106 3475 hodieque
1133 3419 1243 3476 quatuor
1268 3430 1355 3466 mona·

402 3491 438 3548 to,
454 3491 491 3536 a⁰.
507 3490 567 3547 766,
580 3489 611 3533 lt
622 3485 671 3534 cal.
684 3485 749 3534 Dee.
759 3488 867 3546 mortuo,
890 3484 994 3534 chorum
1004 3485 1088 3534 victus
1099 3488 1124 3532 et
1134 3488 1210 3546 potus
1220 3499 1266 3545 pro
1282 3487 1353 3548 ejus·

403 3555 531 3605 Alouinns
547 3556 633 3604 divino
649 3569 751 3604 munera
763 3555 865 3603 Elcber·
890 3554 947 3602 dem
966 3554 1071 3604 Aleuini
1092 3555 1177 3604 anima
1199 3555 1353 3616 quotidianae

401 3630 456 3674 tum
474 3641 519 3675 seu
539 3625 687 3673 Aelbertum
705 3625 761 3673 loco
778 3625 865 3674 amissi
889 3624 996 3673 infertur
1024 3625 1183 3673 eleemosina
1211 3625 1238 3672 in
1264 3622 1354 3675 eadem

401 3693 674 3756 magistrumaccepit'
691 3694 865 3755 Malmesbury
890 3693 1016 3744 eeclesia?
1057 3694 1110 3742 The
1132 3708 1242 3755 passage
1265 3709 1354 3745 occurs

401 3765 461 3813 here
473 3764 523 3812 and
533 3763 672 3812 elsewhere
679 3763 866 3824 callshimEg-
889 3764 916 3811 in
935 3764 977 3812 the
996 3764 1094 3824 margin
1113 3763 1139 3811 in
1156 3764 1191 3813 D.
1208 3765 1308 3814 written
1327 3766 1353 3813 in

400 3832 745 3895 bertus,andidentifieshim
752 3832 815 3881 with
823 3832 865 3882 the
889 3832 931 3882 the
950 3847 1019 3883 same
1038 3833 1115 3882 hand.
1158 3833 1231 3882 Some
1250 3835 1354 3884 authors

400 3905 553 3965 archbishop
564 3902 622 3951 who
638 3903 757 3952 obtained
773 3902 815 3951 the
826 3917 865 3952 re·
890 3902 968 3951 affirm
983 3903 1038 3952 that
1048 3902 1144 3951 Aleuin
1155 3916 1211 3952 was
1226 3903 1317 3953 buried
1327 3906 1353 3952 in

400 3975 521 4024 storation
528 3972 557 4023 of
564 3973 606 4021 the
613 3973 813 4034 archiepiscopal
822 3986 864 4022 see
888 3973 930 4021 the
942 3974 1023 4034 abbey
1034 3972 1063 4020 ol
1071 3972 1108 4022 St.
1120 3972 1217 4021 Martin
1224 3973 1256 4021 de
1264 3974 1355 4037 Tours,

398 4043 428 4092 in
446 4049 503 4095 7³5.
547 4044 601 4092 The
621 4043 754 4104 similarity
773 4043 803 4091 of
821 4042 864 4092 the
888 4043 974 4092 where
990 4043 1021 4091 he
1038 4042 1099 4091 died
1116 4043 1176 4090 18th
1186 4042 1271 4103 April,
1282 4043 1353 4092 A.D.

400 4129 497 4176 names,
512 4113 580 4162 olten
592 4112 755 4162 confounded
770 4114 805 4174 by
821 4113 864 4162 the
889 4116 946 4162 804.
982 4112 1019 4162 St.
1029 4113 1097 4160 Paul
1105 4111 1137 4160 de
1147 4111 1353 4162 cormaricowas

394 4185 515 4232 .Norman
540 4183 645 4244 scribes,
666 4182 713 4231 has
740 4181 862 4244 probably
889 4182 1067 4231 acelltothat
1083 4183 1175 4243 abbey.
1211 4181 1368 4249 (Bouquet.

393 4254 479 4314 ,given
486 4252 626 4302 risetothe
638 4253 762 4313 question.
889 4256 948 4302 torn.
960 4267 984 4301 v.
996 4267 1023 4312 p.
1034 4248 1105 4315 765.)
1170 4255 1173 4262 '
