3112 4968
361 447 427 512 360
591 459 704 508 casua
728 457 855 506 aucun
879 453 1092 504 succorum.
1174 439 1260 520 [crs.
1278 455 1315 500 11.

365 617 499 680 nifariae
511 616 717 682 conditionis
733 609 781 679 ¹et
789 613 1013 698 professionis
1025 613 1189 677 sanctosl
1204 604 1315 690 ²Quo-

366 737 443 782 rum
465 717 692 799 nuncupatim
718 715 860 779 nomina
885 721 921 777 et
942 713 1033 777 vitas
1059 712 1220 795 persequi
1254 729 1317 772 nec

368 817 584 900 propositum
600 823 726 880 estnec
737 813 867 892 otium3
885 807 1115 896 ³quanquam,
1125 811 1170 875 oh
1183 811 1213 874 si
1229 816 1317 873 tem-

369 934 435 999 pus
457 916 540 980 olim
562 914 667 978 fuerit
681 915 807 997 super!
831 912 892 976 sed
907 913 1042 988 tacebo,
1057 931 1101 975 ne
1117 911 1250 995 majora
1265 909 1317 973 vi-

370 1015 465 1077 ribus
487 1014 609 1080 videar
637 1013 803 1096 polliceri.
856 1009 974 1095 Atque
1003 1011 1090 1076 adeo
1120 1010 1252 1074 nullum
1274 1010 1318 1074 de

370 1114 470 1196 plebe
495 1133 635 1178 necesse
661 1120 715 1178 est
738 1112 928 1189 nominare,
957 1110 1018 1174 sed
1045 1117 1182 1174 tantum
1212 1111 1318 1192 regiae

372 1213 489 1296 stirpis
512 1232 637 1295 pueros
659 1212 849 1295 puellasve,
870 1218 910 1275 ut
935 1217 1061 1293 coeptes
1085 1210 1240 1273 materiae
1263 1229 1318 1273 or·

372 1312 464 1376 bitus
491 1312 636 1393 ducam3
659 1313 842 1395 plerosque
864 1310 1067 1375 innocenter
1087 1328 1208 1386 caesos,
1232 1327 1319 1392 quos

373 1431 445 1476 uon
468 1411 620 1476 humana
642 1411 853 1494 conjectura,
876 1411 936 1473 sed
961 1409 1080 1473 divina
1101 1408 1204 1485 ratio,
1228 1428 1319 1472 mar-

374 1519 469 1595 tyres
500 1511 738 1577 consecravit:
770 1509 862 1573 unde
892 1509 996 1572 datur
1017 1509 1179 1589 cognosci
1208 1527 1319 1590 quan-

375 1618 447 1674 tam
470 1609 613 1674 fecerint
642 1609 792 1675 licentiae
815 1608 1035 1691 voluptatum
1058 1607 1320 1689 parcimoniam,

375 1709 447 1792 qui,
464 1716 537 1774 tam
551 1709 663 1774 facilis
686 1709 779 1772 necis
793 1707 1007 1791 compendio,
1023 1707 1200 1770 coelestem
1217 1725 1319 1771 occu·

374 1815 547 1893 paverunt
561 1809 718 1890 gloriam.

212 1918 363 2020 fflffl‘
427 1906 532 1991 §aba
551 1901 609 1971 *In
626 1906 786 1971 laudibus
799 1905 990 1970 beatissimi
1000 1904 1167 1984 Oswaldi,
1178 1906 1269 1987 regis
1284 1913 1320 1969 et

344 1998 551 2091 martyris,
582 2007 811 2089 insuperiori
838 2007 926 2069 libro
955 2005 1158 2088 aliquandiu
1184 2012 1323 2070 versata

376 2114 430 2170 est
454 2106 586 2186 orati03
620 2107 720 2190 cujus
745 2104 941 2171 sanctitatis
965 2104 1061 2168 fuere
1083 2104 1222 2182 indicia,
1244 2123 1322 2168 cum

376 2213 516 2292 caetera,
536 2199 629 2269 ⁵tum
657 2205 743 2270 illud
763 2205 856 2289 quod
880 2203 1067 2268 secundum
1082 2204 1242 2286 quaedam
1263 2220 1323 2267 ex-

376 2306 544 2387 emplaria
565 2306 600 2370 in
624 2305 732 2388 gestis
748 2302 942 2386 Anglorum
968 2304 1144 2368 asseritur.
1198 2303 1242 2367 In
1264 2303 1322 2368 Se·

412 2624 419 2654 ¹
435 2628 471 2675 Et
479 2627 658 2691 professionis]
670 2627 706 2678 A.
718 2626 747 2678 S.
761 2629 791 2678 G.
804 2627 840 2678 D.
851 2651 852 2656 =
865 2626 952 2676 randis
969 2627 1097 2689 capitulis.
1134 2627 1190 2676 Nec
1204 2627 1246 2678 hic
1264 2629 1325 2678 litu·

378 2699 435 2746 132.
449 2698 498 2758 1..;
514 2698 619 2746 omitted
630 2698 657 2745 in
668 2698 723 2748 El.
864 2696 907 2746 lua
922 2712 969 2746 nec
987 2699 1100 2758 proxime
1117 2711 1225 2758 sequens
1242 2703 1281 2747 est
1297 2700 1324 2746 in

413 2763 540 2822 'Quorum
548 2767 705 2830 nuncupatim
712 2766 810 2814 nomino
817 2770 841 2814 et
865 2767 949 2816 indice
961 2765 1129 2828 capitulorum
1140 2768 1235 2817 codicis
1247 2769 1325 2831 Mori,

379 2837 465 2900 vitm]
477 2836 547 2886 AS.
556 2839 585 2886 C.
592 2837 624 2886 E.
635 2853 642 2897 ;
654 2837 686 2886 L.
693 2837 768 2885 reads
776 2837 842 2886 ‘our-
866 2837 965 2885 etiamsi
980 2843 1057 2897 caput
1068 2849 1123 2888 x1v.
1135 2839 1205 2886 sitin
1216 2839 1272 2899 ipso
1283 2853 1324 2887 co·

379 2906 506 2955 nia’for‘
515 2907 640 2966 nomina;’
652 2921 758 2966 quorum
775 2920 842 2954 nunc
866 2906 933 2968 dice,
954 2907 1023 2967 quod
1039 2911 1064 2955 et
1081 2906 1114 2954 de
1132 2907 1219 2956 codice
1239 2909 1324 2958 Cotto·

380 2976 491 3041 pandere
502 2977 603 3025 nomina
614 2979 640 3024 et
650 2977 738 3037 vitam,
749 2975 783 3024 D.
866 2976 942 3024 niano
961 2989 992 3024 11.
1010 2976 1147 3030 notandum
1170 2981 1217 3038 est,
1235 2978 1323 3027 sedin

417 3041 592 3106 'Quanquam
603 3044 668 3092 clici
683 3049 776 3106 tempus
786 3044 843 3092 olim
867 3046 953 3094 codice
976 3045 1125 3094 Cottoniano
1147 3058 1165 3095 1.
1188 3046 1260 3096 deest
1275 3046 1322 3097 hoc

375 3113 458 3174 suerii
469 3128 541 3176 saper
549 3110 574 3176 l]
586 3112 656 3162 AS.
671 3115 700 3162 C.
709 3115 741 3162 Ε.
752 3115 787 3163 Κ.
795 3114 842 3174 L.;
867 3118 945 3175 caput
962 3127 1016 3166 1111.
1033 3115 1066 3163 de
1086 3115 1217 3178 oswaldo,
1239 3121 1265 3166 et
1279 3132 1323 3166 no·

379 3197 527 3244 quanquam
538 3183 584 3231 olii
594 3187 693 3244 tempus
700 3183 760 3232 olim
767 3183 844 3232 fuerit
866 3187 934 3232 tatur
944 3184 970 3232 in
981 3185 1094 3247 margine
1107 3200 1183 3234 manu
1194 3186 1268 3235 valde
1279 3201 1324 3236 un·

382 3267 469 3314 super,
479 3252 508 3302 S.
865 3253 938 3314 tiqua
947 3255 964 3281 “
973 3253 1026 3303 Hic
1041 3255 1113 3302 deest
1123 3255 1238 3305 folium.''
1272 3257 1325 3304 Ex·

418 3320 429 3352 ⁴
449 3322 480 3370 la
503 3321 615 3370 leudibus
639 3321 772 3371 beatudini
797 3323 843 3371 Oa·
865 3323 924 3371 inde
945 3323 1022 3372 etiam
1043 3324 1173 3385 sequiores
1191 3325 1267 3376 MSS.
1283 3326 1325 3375 vel

382 3392 543 3454 meldis-egis
560 3397 585 3440 et
600 3393 726 3455 nrurtyria,
737 3393 763 3440 irr
774 3406 843 3455 supe·
865 3398 1014 3454 argumenta
1032 3395 1143 3454 capitum
1165 3407 1219 3445 xiv,
1238 3399 1264 3443 et
1281 3407 1324 3444 xv.

381 3461 444 3512 riori
461 3462 523 3510 libro
538 3462 680 3524 aliquandiu
694 3467 789 3510 ommia
806 3467 843 3510 eat
865 3462 907 3509 vel
924 3467 1003 3523 eaput
1024 3463 1108 3524 ipsum
1128 3476 1181 3513 x1v.
1199 3465 1326 3527 omittunt,

381 3532 481 3595 arua]
498 3531 512 3593 ς
523 3535 565 3592 49,
576 3547 620 3592 pp.
632 3535 741 3581 70-74.
865 3535 939 3590 prout
950 3532 982 3580 ab
993 3531 1041 3580 hoc
1048 3533 1089 3582 vel
1100 3532 1144 3581 illo
1151 3533 1230 3581 veteri
1237 3535 1325 3582 codice

417 3599 428 3628 ⁵
456 3601 518 3649 Turn
539 3601 601 3649 illud
628 3603 690 3662 quod
713 3601 841 3649 secuudum
865 3601 1009 3662 uamcnpti
1033 3602 1135 3651 fuerint.
1187 3603 1238 3651 Sed
1265 3619 1323 3652 cum

381 3673 490 3732 quoedum
505 3670 653 3732 exemplario
664 3670 690 3718 iu
700 3671 779 3732 gestia
788 3669 841 3718 Aa·
865 3675 1014 3730 argumenta
1027 3677 1053 3719 et
1063 3671 1195 3732 dispositio
1211 3674 1323 3734 capitum

380 3741 477 3800 giorum
498 3739 638 3802 ueneritne]
667 3740 747 3788 Bedae
770 3740 840 3790 Hist.
865 3739 1088 3789 beneconveniant
1103 3741 1216 3802 subjecto
1232 3739 1325 3792 invul-

381 3805 531 3858 Eccleaiast.
552 3808 629 3858 Geni.
646 3809 723 3870 Angl.
741 3809 786 3858 lib.
804 3822 840 3858 1v.
865 3810 969 3870 guribus
991 3810 1067 3860 MSS.
1089 3824 1207 3871 unusque
1225 3826 1239 3860 e
1256 3817 1326 3862 vete·

381 3892 469 3928 c.x1v.
490 3879 563 3926 Some
572 3879 683 3927 MSS.of
691 3878 764 3927 Beda
771 3885 841 3927 want
865 3878 935 3927 ribus
954 3879 1030 3928 MSS.
1048 3879 1135 3928 folium
1156 3880 1227 3930 deest
1243 3881 1324 3932 fatea-

379 3948 842 4012 thischapter.More'sMS.however,
864 3951 915 4010 tur,
936 3953 962 3997 et
983 3951 1079 4010 recepti
1100 3949 1195 3998 ordinis
1217 3953 1324 4000 mutatio

380 4017 442 4066 from
462 4017 546 4067 which
566 4017 647 4066 Smith
666 4018 775 4080 printed,
793 4017 840 4067 has
864 4017 1035 4069 confusionem
1057 4019 1169 4080 aliquam
1187 4021 1324 4070 lectoribus

379 4087 407 4136 it.
443 4088 509 4136 That
515 4087 618 4136 learned
626 4088 708 4136 editor
718 4092 839 4136 accounts
863 4088 955 4148 pariat,
966 4103 1014 4150 ego
1030 4089 1057 4137 in
1074 4089 1234 4148 antiquorum
1252 4091 1322 4138 codi-

377 4156 415 4204 for
433 4157 474 4206 the
492 4157 612 4205 omission
632 4156 706 4206 thus:
723 4158 839 4218 ‘Magna
863 4171 920 4204 curn
932 4158 1088 4206 dissonantia
1098 4159 1227 4220 vulgarem
1240 4161 1325 4223 dispo·

376 4225 417 4275 hic
429 4232 468 4279 est
478 4226 621 4294 differentia
632 4227 707 4276 MSS.
715 4229 740 4276 in
752 4242 838 4277 nume·
863 4226 977 4277 sitiouem
989 4225 1092 4286 secutus
1103 4229 1179 4282 sum.’
