3112 4968
377 489 443 554 334
601 502 715 551 ousrii
738 501 865 550 anemii
888 497 1103 548 ineuoauu.
1188 485 1276 564 [iiii.
1293 500 1332 546 ii.

379 665 519 742 pectore
535 657 687 722 omnium
709 658 901 722 liberalium
919 657 1045 721 artium
1069 665 1162 721 esset
1181 676 1328 739 gymna-

379 761 483 836 sium,
497 759 557 822 sed
578 778 724 840 parvum
744 758 780 822 in
799 756 983 836 mundanis
1007 757 1108 820 rebus
1129 757 1326 838 ingenium

380 877 484 941 quam
500 877 578 920 cuin
587 857 733 934 videres,
750 851 798 921 ¹si
809 858 928 922 literas
942 864 1113 939 stuperes,
1125 856 1329 920 modestiam

379 965 474 1022 certe
510 957 616 1020 animi
654 965 691 1022 et
727 957 877 1040 speciem
916 957 1069 1038 corporis
1105 954 1326 1020 desiderares.

381 1057 485 1134 Haec,
499 1063 535 1121 et
550 1057 630 1121 vivo
644 1057 769 1120 marito
784 1063 820 1120 et
833 1058 982 1133 mortuo,
1000 1055 1117 1138 probri
1132 1055 1328 1138 suspicione

381 1177 452 1220 non
463 1156 594 1235 caruit3
610 1156 683 1232 sed,
692 1148 855 1220 ²moriens
866 1163 1021 1238 tempore
1031 1149 1224 1232 ³Willelmi,
1230 1155 1327 1239 jure·

290 1288 295 1297 ·
377 1255 528 1340 jurando
549 1255 743 1320 astantibus
759 1256 802 1319 de
825 1262 994 1337 perpetua
1014 1255 1214 1346 integritate
1236 1255 1328 1319 ultro

381 1355 561 1420 satisfecit.
613 1354 770 1437 Nuptam
793 1355 859 1418 sibi
879 1374 943 1418 rex
963 1354 1029 1418 hac
1051 1361 1126 1418 arte
1141 1356 1328 1434 tractabat,

381 1462 422 1519 ut
445 1473 509 1519 nec
530 1454 632 1518 thoro
657 1461 845 1532 amoveret,
869 1473 933 1517 nec
950 1453 1041 1518 virili
1062 1474 1158 1518 more
1181 1472 1329 1536 cognos-

382 1562 498 1619 ceret:
521 1554 614 1634 quod
638 1573 693 1618 an.
709 1546 868 1618 4familiae
892 1552 986 1617 illius
1014 1553 1106 1631 odio,
1132 1553 1223 1636 quod
1245 1573 1328 1636 pru-

382 1653 503 1718 denter
517 1653 758 1718 dissimulabat
777 1673 840 1736 pro
863 1660 1029 1736 tempore,
1051 1671 1096 1716 an
1111 1671 1227 1717 amore
1251 1672 1328 1716 cas-

382 1752 495 1818 titatis
519 1752 652 1830 fecerit,
675 1772 738 1835 pro
762 1759 857 1816 certo
874 1758 1087 1834 compertum
1112 1772 1183 1816 non
1203 1752 1327 1816 habeo.

384 1851 477 1917 Illud
500 1851 719 1916 celeberrime
744 1850 865 1928 fertur,
893 1871 1070 1934 nunquam
1093 1851 1192 1915 illum
1211 1844 1329 1935 cujus·

382 1970 487 2032 quam
515 1950 668 2015 mulieris
699 1950 924 2018 contubernio
955 1951 1157 2034 pudicitiam
1186 1951 1329 2017 laesisse.

221 2067 352 2106 soterian
383 2049 452 2114 Sed
480 2051 563 2134 quia
591 2050 636 2114 ad
665 2051 700 2114 id
728 2051 884 2116 locorum
906 2057 1047 2116 ventum
1073 2057 1138 2128 est,
1165 2052 1329 2115 lectorem

220 2118 245 2155 ot
251 2119 322 2156 saxon
328 2117 371 2156 and

221 2167 318 2206 sirmii
327 2167 371 2206 ia
382 2151 623 2232 praemonitum
639 2151 719 2217 volo
735 2150 828 2234 quod
842 2151 898 2214 hic
912 2151 1013 2234 quasi
1036 2150 1221 2233 ancipitem
1236 2151 1328 2215 viam

220 2218 300 2257 tortam
305 2221 328 2257 iit
335 2228 371 2258 vn·

221 2267 299 2312 eina.
383 2249 592 2314 narrationis
616 2251 729 2327 video,
751 2251 834 2332 quia
857 2251 987 2315 veritas
1012 2250 1181 2314 sactorum
1204 2250 1330 2332 pendet

382 2349 420 2413 iii
442 2350 559 2415 dubio.
610 2349 787 2431 Siquidem
808 2349 1006 2432 aliquantos
1022 2349 1245 2414 Normannos
1266 2369 1330 2413 rex

384 2548 515 2612 neficiis
545 2549 723 2629 levarant;
754 2549 844 2634 inter
869 2568 957 2631 quos
979 2543 1203 2626 ⁵Robertum,
1228 2567 1331 2630 quem

384 2667 430 2712 ex
444 2648 614 2712 monacho
628 2647 896 2713 Gemmeticensi
914 2648 1113 2731 episcopum
1129 2647 1331 2726 Londoniae,

384 2754 421 2812 et
450 2755 531 2831 post
568 2747 864 2830 archiepiscopum
900 2748 1112 2825 cantuariae,
1149 2754 1331 2812 statuerat.

418 3020 427 3053 ¹
448 3023 480 3072 Si
498 3022 584 3071 literas
603 3018 732 3085 stuprata]
754 3020 845 3082 Iugul·
869 3021 1029 3070 winchester
1054 3035 1130 3070 severi
1153 3019 1217 3082 days
1245 3021 1330 3070 before

382 3091 460 3155 plius,
494 3091 611 3152 alluding
646 3094 672 3139 to
708 3089 845 3151 Eadgitbe,
870 3091 1011 3141 Chi-istiuas
1022 3088 1099 3154 (Dec.
1112 3085 1166 3153 19),
1177 3091 1204 3138 in
1214 3089 1257 3138 the
1271 3105 1333 3152 year

383 3163 486 3210 writes:
503 3161 511 3188 ‘
521 3161 615 3210 Puella
625 3159 804 3220 pulcherrima,
815 3160 847 3207 li·
871 3163 949 3222 1⁰⁷53
960 3161 1012 3210 and
1019 3174 1074 3210 was
1084 3160 1176 3208 buried
1186 3160 1249 3208 with
1261 3165 1333 3222 great

383 3232 444 3280 teris
452 3231 566 3292 apprime
574 3230 675 3279 erudita
682 3229 699 3291 ;’
709 3229 760 3278 and
770 3229 846 3278 ‘Vidi
869 3245 945 3292 pomp
962 3231 988 3278 in
1007 3230 1049 3278 the
1061 3244 1130 3280 same
1149 3245 1225 3291 grave
1242 3244 1273 3278 as
1286 3231 1331 3279 ber

383 3316 432 3363 ego
450 3301 521 3350 illam
542 3300 697 3360 multotiens,
718 3313 777 3348 cuin
799 3314 846 3360 pa·
869 3299 996 3362 husband,
1019 3305 1056 3366 Ιιιι
1082 3299 1269 3360 Westmiuster,
1297 3301 1336 3362 by,

382 3374 447 3420 trem
465 3385 549 3420 meum
571 3371 598 3418 in
620 3371 688 3432 regis
704 3369 776 3418 curia
793 3382 846 3418 mo·
869 3371 1001 3418 command
1020 3370 1050 3418 oi
1065 3369 1179 3420 william
1201 3369 1245 3422 the
1267 3369 1332 3418 Gon-

383 3445 480 3490 rantem
504 3441 589 3490 adhuc
612 3455 677 3501 puer
702 3438 845 3499 inviserem,
869 3454 969 3501 queror.

384 3517 410 3560 et
427 3511 523 3572 saepius
535 3509 598 3560 mihi
617 3510 650 3558 de
668 3507 762 3558 scholis
777 3508 847 3556 veni·
904 3530 1073 3596 ammi]
1093 3533 1123 3581 c·
1142 3533 1177 3583 D·
1197 3533 1248 3581 Ε..
1265 3531 1333 3594 regis

383 3583 436 3630 enti
460 3582 493 3629 de
523 3580 604 3629 literis
631 3593 661 3628 ac
682 3593 759 3627 versu
789 3592 845 3627 meo
869 3603 991 3652 willelmi
1013 3601 1036 3652 A
1057 3603 1078 3652 S
1098 3603 1122 3651 L
1240 3567 1248 3593 ’

384 3651 628 3733 apponebat,·cum
664 3661 845 3728 occurrerem;
904 3686 951 3737 ,F
993 3639 1019 3738 fl,
1040 3638 1052 3702 '¹
1079 3637 1154 3738 ‘A'S
1180 3688 1207 3737 D
1233 3689 1258 3735 Ε
1283 3687 1333 3736 L·

384 3727 410 3768 et
430 3722 596 3770 libentissime
622 3717 654 3766 de
683 3721 846 3783 grammatica
868 3759 882 3808 f
910 3759 929 3807 ss
950 3687 1063 3808 mgna]
1107 3723 1114 3738 ·
1154 3721 1161 3737 ·
1209 3723 1215 3738 ·
1259 3721 1266 3737 ·
1308 3722 1333 3748 ’ν

384 3790 512 3838 soiiiiate
530 3788 565 3838 ai
583 3787 692 3848 logicam
707 3788 846 3848 lei-itatem,
879 3774 909 3808 ³⁰
930 3774 954 3821 e,
991 3793 998 3809 ·

385 3874 436 3920 qua
453 3859 572 3920 callebat,
582 3857 721 3918 declinans,
732 3870 790 3904 cum
807 3870 846 3904 ar-
902 3849 1069 3914 ⁸Robertiim,
1086 3865 1155 3914 quein
1172 3865 1204 3899 ea
1221 3847 1334 3898 amancio

384 3933 559 3991 gumentoruin
571 3927 659 3976 subtili
673 3927 793 3988 ligamine
805 3940 845 3974 me
872 3919 1337 3984 GemmeticeasiepiscopiimLondonioe,

384 3999 559 4060 conclusisset,
581 4010 680 4058 semper
701 3997 783 4044 tribus
800 4000 847 4044 aut
870 3995 894 4040 et
903 3996 958 4054 post
966 3991 1172 4054 archepiscopum
1181 3990 1334 4050 Gaatuorioe,

384 4073 494 4130 quatuor
512 4067 621 4116 nummis
637 4081 683 4126 per
699 4065 845 4114 ancillulam
870 4057 1025 4126 statueret]
1055 4060 1150 4109 Robert
1177 4073 1232 4108 was
1259 4059 1333 4108 made

358 4144 361 4150 '
383 4137 676 4200 numeratis,adregium
688 4139 846 4196 perintrans-
870 4131 1022 4191 archbishop
1033 4129 1062 4178 of
1077 4130 1235 4189 Canterbury
1246 4129 1272 4176 in
1290 4129 1333 4176 the

382 4210 462 4270 misit,
473 4212 499 4256 et
509 4206 630 4256 reiectum
641 4204 757 4254 dimisit!
871 4215 933 4262 year
959 4203 1021 4249 1⁰51
1054 4197 1127 4264 (Sari.
1151 4195 1258 4261 Chron.)
1283 4198 1334 4246 and

418 4275 429 4306 ²
445 4278 576 4339 Meriana]
595 4275 721 4336 Eadglthe
741 4272 801 4324 died
819 4277 845 4320 at
871 4271 991 4332 expelled
1002 4271 1027 4318 in
1039 4269 1081 4318 the
1093 4267 1224 4329 following
1235 4283 1305 4328 year.

383 2449 602 2526 accersierat,
617 2449 677 2531 qui
692 2449 773 2514 olim
789 2449 940 2532 inopiam
964 2449 1078 2513 exulis
1100 2448 1257 2530 pauculis
1271 2450 1331 2512 be·
