<?xml version="1.0" encoding="UTF-8"?>
<!DOCTYPE html PUBLIC "-//W3C//DTD XHTML 1.0 Transitional//EN"
    "http://www.w3.org/TR/xhtml1/DTD/xhtml1-transitional.dtd">
<html xmlns="http://www.w3.org/1999/xhtml" xml:lang="en" lang="en">
 <head>
  <title>
</title>
<meta http-equiv="Content-Type" content="text/html;charset=utf-8" />
  <meta name='ocr-system' content='tesseract 3.04.00' />
  <meta name='ocr-capabilities' content='ocr_page ocr_carea ocr_par ocr_line ocrx_word'/>
</head>
<body>
  <div class='ocr_page' id='page_1' title='image "./willelmimalmesb00willgoog_0257.png"; bbox 0 0 3128 4976; ppageno 0'>
   <div class='ocr_carea' id='block_1_1' title="bbox 213 469 1160 549">
    <p class='ocr_par' dir='ltr' id='par_1_1' title="bbox 213 469 1160 549">
     <span class='ocr_line' id='line_1_1' title="bbox 213 469 1160 549; baseline 0.013 -21"><span class='ocrx_word' id='word_1_1' title='bbox 213 483 282 533; x_wconf 81' lang='lat' dir='ltr'><strong>nin.</strong></span> <span class='ocrx_word' id='word_1_2' title='bbox 301 469 356 549; x_wconf 90' lang='lat'>11.]</span> <span class='ocrx_word' id='word_1_3' title='bbox 438 487 551 534; x_wconf 78' lang='lat' dir='ltr'><strong>essm</strong></span> <span class='ocrx_word' id='word_1_4' title='bbox 576 487 702 536; x_wconf 83' lang='lat' dir='ltr'><strong>nneun</strong></span> <span class='ocrx_word' id='word_1_5' title='bbox 728 490 940 538; x_wconf 73' lang='lat' dir='ltr'><strong>suenorum.</strong></span> <span class='ocrx_word' id='word_1_6' title='bbox 1098 478 1160 542; x_wconf 78' lang='lat'><strong>⁴241</strong></span> 
     </span>
    </p>
   </div>
   <div class='ocr_carea' id='block_1_2' title="bbox 193 643 1163 933">
    <p class='ocr_par' dir='ltr' id='par_1_2' title="bbox 193 643 1163 933">
     <span class='ocr_line' id='line_1_2' title="bbox 213 643 1163 726; baseline 0.009 -22"><span class='ocrx_word' id='word_1_7' title='bbox 213 648 298 719; x_wconf 90' lang='lat' dir='ltr'><strong>tum,</strong></span> <span class='ocrx_word' id='word_1_8' title='bbox 336 643 433 707; x_wconf 89' lang='lat' dir='ltr'><strong>velut</strong></span> <span class='ocrx_word' id='word_1_9' title='bbox 469 644 694 710; x_wconf 84' lang='lat' dir='ltr'><strong>fundamenta</strong></span> <span class='ocrx_word' id='word_1_10' title='bbox 732 648 912 726; x_wconf 87' lang='lat' dir='ltr'><strong>montium,</strong></span> <span class='ocrx_word' id='word_1_11' title='bbox 950 649 1163 714; x_wconf 87' lang='lat' dir='ltr'><strong>inconvulsis</strong></span> 
     </span>
     <span class='ocr_line' id='line_1_3' title="bbox 211 740 1161 831; baseline 0.012 -29"><span class='ocrx_word' id='word_1_12' title='bbox 211 740 433 822; x_wconf 82' lang='lat' dir='ltr'><strong>ligaminibus</strong></span> <span class='ocrx_word' id='word_1_13' title='bbox 464 744 535 807; x_wconf 86' lang='lat' dir='ltr'><strong>fixa</strong></span> <span class='ocrx_word' id='word_1_14' title='bbox 567 746 649 823; x_wconf 89' lang='lat' dir='ltr'><strong>sint,</strong></span> <span class='ocrx_word' id='word_1_15' title='bbox 686 754 803 810; x_wconf 88' lang='lat' dir='ltr'><strong>tamen</strong></span> <span class='ocrx_word' id='word_1_16' title='bbox 836 748 1037 831; x_wconf 86' lang='lat' dir='ltr'><strong>plerumque</strong></span> <span class='ocrx_word' id='word_1_17' title='bbox 1074 755 1161 813; x_wconf 88' lang='lat' dir='ltr'><strong>tem-</strong></span> 
     </span>
     <span class='ocr_line' id='line_1_4' title="bbox 193 839 1161 933; baseline 0.01 -31"><span class='ocrx_word' id='word_1_18' title='bbox 193 843 404 933; x_wconf 82' lang='lat' dir='ltr'><strong>pestatibus</strong></span> <span class='ocrx_word' id='word_1_19' title='bbox 421 851 456 907; x_wconf 88' lang='lat' dir='ltr'><strong>et</strong></span> <span class='ocrx_word' id='word_1_20' title='bbox 471 844 665 908; x_wconf 85' lang='lat' dir='ltr'><strong>turbinibus</strong></span> <span class='ocrx_word' id='word_1_21' title='bbox 688 846 895 911; x_wconf 81' lang='lat' dir='ltr'><strong>secularium</strong></span> <span class='ocrx_word' id='word_1_22' title='bbox 911 867 1024 910; x_wconf 88' lang='lat' dir='ltr'><strong>rerum</strong></span> <span class='ocrx_word' id='word_1_23' title='bbox 1041 839 1161 930; x_wconf 85' lang='lat' dir='ltr'><strong>religio</strong></span> 
     </span>
    </p>
   </div>
   <div class='ocr_carea' id='block_1_3' title="bbox 209 1059 1160 1261">
    <p class='ocr_par' dir='ltr' id='par_1_3' title="bbox 209 1059 1160 1261">
     <span class='ocr_line' id='line_1_5' title="bbox 209 1059 1160 1122; baseline 0.002 -15"><span class='ocrx_word' id='word_1_24' title='bbox 209 1060 346 1122; x_wconf 82' lang='lat' dir='ltr'><strong>quispiam,</strong></span> <span class='ocrx_word' id='word_1_25' title='bbox 360 1062 402 1109; x_wconf 86' lang='lat' dir='ltr'><strong>vel</strong></span> <span class='ocrx_word' id='word_1_26' title='bbox 424 1065 553 1110; x_wconf 88' lang='lat' dir='ltr'><strong>extremus</strong></span> <span class='ocrx_word' id='word_1_27' title='bbox 569 1075 673 1122; x_wconf 83' lang='lat' dir='ltr'><strong>congre·</strong></span> <span class='ocrx_word' id='word_1_28' title='bbox 699 1059 815 1108; x_wconf 88' lang='lat' dir='ltr'><strong>Eundem</strong></span> <span class='ocrx_word' id='word_1_29' title='bbox 835 1075 935 1120; x_wconf 89' lang='lat' dir='ltr'><strong>quoque</strong></span> <span class='ocrx_word' id='word_1_30' title='bbox 952 1061 1043 1110; x_wconf 91' lang='lat' dir='ltr'><strong>lituum</strong></span> <span class='ocrx_word' id='word_1_31' title='bbox 1058 1075 1117 1109; x_wconf 86' lang='lat' dir='ltr'><strong>mox</strong></span> <span class='ocrx_word' id='word_1_32' title='bbox 1133 1061 1160 1109; x_wconf 92' lang='lat' dir='ltr'><strong>in</strong></span> 
     </span>
     <span class='ocr_line' id='line_1_6' title="bbox 211 1129 1159 1192; baseline 0.002 -15"><span class='ocrx_word' id='word_1_33' title='bbox 211 1130 328 1192; x_wconf 87' lang='lat' dir='ltr'><strong>gationis,</strong></span> <span class='ocrx_word' id='word_1_34' title='bbox 340 1131 379 1178; x_wconf 94' lang='lat' dir='ltr'><strong>illi</strong></span> <span class='ocrx_word' id='word_1_35' title='bbox 390 1130 470 1179; x_wconf 88' lang='lat' dir='ltr'><strong>officio</strong></span> <span class='ocrx_word' id='word_1_36' title='bbox 481 1135 563 1192; x_wconf 91' lang='lat' dir='ltr'><strong>aptus·</strong></span> <span class='ocrx_word' id='word_1_37' title='bbox 568 1131 673 1191; x_wconf 85' lang='lat' dir='ltr'><strong>reperiri</strong></span> <span class='ocrx_word' id='word_1_38' title='bbox 697 1130 739 1177; x_wconf 88' lang='lat' dir='ltr'><strong>sui</strong></span> <span class='ocrx_word' id='word_1_39' title='bbox 750 1130 887 1191; x_wconf 84' lang='lat' dir='ltr'><strong>praesentia</strong></span> <span class='ocrx_word' id='word_1_40' title='bbox 897 1129 1045 1178; x_wconf 84' lang='lat' dir='ltr'><strong>fecitsecari</strong></span> <span class='ocrx_word' id='word_1_41' title='bbox 1055 1145 1159 1191; x_wconf 88' lang='lat' dir='ltr'><strong>perme-</strong></span> 
     </span>
     <span class='ocr_line' id='line_1_7' title="bbox 209 1197 1156 1261; baseline 0.001 -14"><span class='ocrx_word' id='word_1_42' title='bbox 209 1201 328 1260; x_wconf 85' lang='lat' dir='ltr'><strong>potuerit.</strong></span> <span class='ocrx_word' id='word_1_43' title='bbox 363 1200 497 1248; x_wconf 90' lang='lat' dir='ltr'><strong>Monaehis</strong></span> <span class='ocrx_word' id='word_1_44' title='bbox 509 1201 595 1261; x_wconf 89' lang='lat' dir='ltr'><strong>itaque</strong></span> <span class='ocrx_word' id='word_1_45' title='bbox 607 1200 672 1248; x_wconf 91' lang='lat' dir='ltr'><strong>elec·</strong></span> <span class='ocrx_word' id='word_1_46' title='bbox 696 1197 776 1259; x_wconf 91' lang='lat' dir='ltr'><strong>dium,</strong></span> <span class='ocrx_word' id='word_1_47' title='bbox 787 1213 818 1248; x_wconf 89' lang='lat' dir='ltr'><strong>ne</strong></span> <span class='ocrx_word' id='word_1_48' title='bbox 837 1214 895 1247; x_wconf 92' lang='lat' dir='ltr'><strong>eum</strong></span> <span class='ocrx_word' id='word_1_49' title='bbox 914 1201 1033 1260; x_wconf 80' lang='lat' dir='ltr'><strong>cuiquam</strong></span> <span class='ocrx_word' id='word_1_50' title='bbox 1044 1200 1105 1248; x_wconf 89' lang='lat' dir='ltr'><strong>dare</strong></span> <span class='ocrx_word' id='word_1_51' title='bbox 1116 1201 1156 1249; x_wconf 87' lang='lat' dir='ltr'><strong>vel</strong></span> 
     </span>
    </p>
   </div>
   <div class='ocr_carea' id='block_1_4' title="bbox 209 1268 1241 1334">
    <p class='ocr_par' dir='ltr' id='par_1_4' title="bbox 209 1268 1241 1334">
     <span class='ocr_line' id='line_1_8' title="bbox 209 1268 1241 1334; baseline 0.003 -19"><span class='ocrx_word' id='word_1_52' title='bbox 209 1269 301 1334; x_wconf 84' lang='lat' dir='ltr'><strong>tionem</strong></span> <span class='ocrx_word' id='word_1_53' title='bbox 319 1270 360 1317; x_wconf 91' lang='lat' dir='ltr'><strong>sui</strong></span> <span class='ocrx_word' id='word_1_54' title='bbox 376 1270 475 1318; x_wconf 86' lang='lat' dir='ltr'><strong>abbatis</strong></span> <span class='ocrx_word' id='word_1_55' title='bbox 486 1273 609 1331; x_wconf 90' lang='lat' dir='ltr'><strong>perpetuo</strong></span> <span class='ocrx_word' id='word_1_56' title='bbox 620 1284 672 1318; x_wconf 86' lang='lat' dir='ltr'><strong>ma·</strong></span> <span class='ocrx_word' id='word_1_57' title='bbox 695 1268 803 1317; x_wconf 88' lang='lat' dir='ltr'><strong>vendere</strong></span> <span class='ocrx_word' id='word_1_58' title='bbox 819 1272 905 1328; x_wconf 88' lang='lat' dir='ltr'><strong>posset</strong></span> <span class='ocrx_word' id='word_1_59' title='bbox 916 1269 1022 1330; x_wconf 84' lang='lat' dir='ltr'><strong>quilibet</strong></span> <span class='ocrx_word' id='word_1_60' title='bbox 1037 1270 1157 1318; x_wconf 87' lang='lat' dir='ltr'><strong>abbatum</strong></span> <span class='ocrx_word' id='word_1_61' title='bbox 1240 1269 1241 1272; x_wconf 74' lang='grc'>’</span> 
     </span>
    </p>
   </div>
   <div class='ocr_carea' id='block_1_5' title="bbox 199 1339 1217 4317">
    <p class='ocr_par' dir='ltr' id='par_1_5' title="bbox 199 1339 1217 4038">
     <span class='ocr_line' id='line_1_9' title="bbox 210 1339 1156 1400; baseline 0.002 -16"><span class='ocrx_word' id='word_1_62' title='bbox 210 1350 269 1386; x_wconf 89' lang='lat' dir='ltr'><strong>nere</strong></span> <span class='ocrx_word' id='word_1_63' title='bbox 287 1339 400 1399; x_wconf 87' lang='lat' dir='ltr'><strong>censuit;</strong></span> <span class='ocrx_word' id='word_1_64' title='bbox 418 1340 547 1400; x_wconf 86' lang='lat' dir='ltr'><strong>sibivero,</strong></span> <span class='ocrx_word' id='word_1_65' title='bbox 566 1339 670 1400; x_wconf 88' lang='lat' dir='ltr'><strong>suisque</strong></span> <span class='ocrx_word' id='word_1_66' title='bbox 695 1339 864 1399; x_wconf 89' lang='lat' dir='ltr'><strong>sequentium,</strong></span> <span class='ocrx_word' id='word_1_67' title='bbox 886 1339 1038 1399; x_wconf 87' lang='lat' dir='ltr'><strong>praecipiens</strong></span> <span class='ocrx_word' id='word_1_68' title='bbox 1059 1343 1156 1399; x_wconf 84' lang='lat' dir='ltr'><strong>partem</strong></span> 
     </span>
     <span class='ocr_line' id='line_1_10' title="bbox 210 1405 1155 1470; baseline 0.002 -16"><span class='ocrx_word' id='word_1_69' title='bbox 210 1405 364 1470; x_wconf 74' lang='lat' dir='ltr'><strong>haeredibus,</strong></span> <span class='ocrx_word' id='word_1_70' title='bbox 370 1409 498 1457; x_wconf 85' lang='lat' dir='ltr'><strong>tribuendi</strong></span> <span class='ocrx_word' id='word_1_71' title='bbox 508 1409 580 1456; x_wconf 80' lang='lat' dir='ltr'><strong>fratri</strong></span> <span class='ocrx_word' id='word_1_72' title='bbox 591 1409 671 1457; x_wconf 89' lang='lat' dir='ltr'><strong>electo</strong></span> <span class='ocrx_word' id='word_1_73' title='bbox 694 1406 765 1456; x_wconf 90' lang='lat' dir='ltr'><strong>illius</strong></span> <span class='ocrx_word' id='word_1_74' title='bbox 775 1409 871 1456; x_wconf 85' lang='lat' dir='ltr'><strong>servari</strong></span> <span class='ocrx_word' id='word_1_75' title='bbox 878 1409 905 1455; x_wconf 91' lang='lat' dir='ltr'><strong>in</strong></span> <span class='ocrx_word' id='word_1_76' title='bbox 915 1409 972 1456; x_wconf 91' lang='lat' dir='ltr'><strong>loca</strong></span> <span class='ocrx_word' id='word_1_77' title='bbox 980 1409 1071 1469; x_wconf 88' lang='lat' dir='ltr'><strong>adjam</strong></span> <span class='ocrx_word' id='word_1_78' title='bbox 1079 1409 1155 1457; x_wconf 82' lang='lat' dir='ltr'><strong>dietae</strong></span> 
     </span>
     <span class='ocr_line' id='line_1_11' title="bbox 208 1476 1154 1539; baseline 0.003 -14"><span class='ocrx_word' id='word_1_79' title='bbox 208 1479 361 1537; x_wconf 86' lang='lat' dir='ltr'><strong>pastoralem</strong></span> <span class='ocrx_word' id='word_1_80' title='bbox 379 1479 500 1526; x_wconf 90' lang='lat' dir='ltr'><strong>baculum</strong></span> <span class='ocrx_word' id='word_1_81' title='bbox 522 1481 671 1539; x_wconf 82' lang='lat' dir='ltr'><strong>potestatem</strong></span> <span class='ocrx_word' id='word_1_82' title='bbox 693 1476 836 1526; x_wconf 91' lang='lat' dir='ltr'><strong>donationis</strong></span> <span class='ocrx_word' id='word_1_83' title='bbox 852 1492 961 1538; x_wconf 89' lang='lat' dir='ltr'><strong>perenne</strong></span> <span class='ocrx_word' id='word_1_84' title='bbox 976 1479 1154 1528; x_wconf 85' lang='lat' dir='ltr'><strong>testimonium.</strong></span> 
     </span>
     <span class='ocr_line' id='line_1_12' title="bbox 209 1546 1155 1610; baseline 0.001 -16"><span class='ocrx_word' id='word_1_85' title='bbox 209 1547 321 1598; x_wconf 83' lang='lat' dir='ltr'><strong>retinuit.</strong></span> <span class='ocrx_word' id='word_1_86' title='bbox 358 1547 448 1596; x_wconf 86' lang='lat' dir='ltr'><strong>Sanxit</strong></span> <span class='ocrx_word' id='word_1_87' title='bbox 465 1549 550 1610; x_wconf 74' lang='lat' dir='ltr'><strong>eham,</strong></span> <span class='ocrx_word' id='word_1_88' title='bbox 568 1552 598 1596; x_wconf 91' lang='lat' dir='ltr'><strong>ut</strong></span> <span class='ocrx_word' id='word_1_89' title='bbox 610 1563 670 1608; x_wconf 90' lang='lat' dir='ltr'><strong>quo·</strong></span> <span class='ocrx_word' id='word_1_90' title='bbox 694 1546 847 1608; x_wconf 86' lang='lat' dir='ltr'><strong>Recogitans</strong></span> <span class='ocrx_word' id='word_1_91' title='bbox 858 1561 917 1595; x_wconf 88' lang='lat' dir='ltr'><strong>vero</strong></span> <span class='ocrx_word' id='word_1_92' title='bbox 928 1562 1005 1608; x_wconf 90' lang='lat' dir='ltr'><strong>quam</strong></span> <span class='ocrx_word' id='word_1_93' title='bbox 1023 1548 1103 1595; x_wconf 87' lang='lat' dir='ltr'><strong>multa</strong></span> <span class='ocrx_word' id='word_1_94' title='bbox 1118 1553 1155 1596; x_wconf 88' lang='lat' dir='ltr'><strong>te·</strong></span> 
     </span>
     <span class='ocr_line' id='line_1_13' title="bbox 208 1616 1154 1678; baseline 0.002 -15"><span class='ocrx_word' id='word_1_95' title='bbox 208 1617 274 1666; x_wconf 87' lang='lat' dir='ltr'><strong>tiens</strong></span> <span class='ocrx_word' id='word_1_96' title='bbox 285 1619 364 1666; x_wconf 86' lang='lat' dir='ltr'><strong>abbas</strong></span> <span class='ocrx_word' id='word_1_97' title='bbox 374 1617 425 1666; x_wconf 88' lang='lat' dir='ltr'><strong>loci</strong></span> <span class='ocrx_word' id='word_1_98' title='bbox 435 1618 475 1666; x_wconf 86' lang='lat' dir='ltr'><strong>vel</strong></span> <span class='ocrx_word' id='word_1_99' title='bbox 492 1617 607 1664; x_wconf 89' lang='lat' dir='ltr'><strong>monaehi</strong></span> <span class='ocrx_word' id='word_1_100' title='bbox 624 1618 676 1665; x_wconf 51' lang='lat' dir='ltr'><strong>ali·¹</strong></span> <span class='ocrx_word' id='word_1_101' title='bbox 693 1617 796 1664; x_wconf 85' lang='lat' dir='ltr'><strong>meritas</strong></span> <span class='ocrx_word' id='word_1_102' title='bbox 818 1616 935 1665; x_wconf 81' lang='lat' dir='ltr'><strong>hnmanae</strong></span> <span class='ocrx_word' id='word_1_103' title='bbox 957 1617 1077 1678; x_wconf 86' lang='lat' dir='ltr'><strong>levitatis,</strong></span> <span class='ocrx_word' id='word_1_104' title='bbox 1098 1618 1154 1678; x_wconf 90' lang='lat' dir='ltr'><strong>qui·</strong></span> 
     </span>
     <span class='ocr_line' id='line_1_14' title="bbox 209 1685 1168 1748; baseline 0.001 -14"><span class='ocrx_word' id='word_1_105' title='bbox 209 1699 273 1745; x_wconf 93' lang='lat' dir='ltr'><strong>quos</strong></span> <span class='ocrx_word' id='word_1_106' title='bbox 285 1701 387 1736; x_wconf 90' lang='lat' dir='ltr'><strong>suorum</strong></span> <span class='ocrx_word' id='word_1_107' title='bbox 398 1687 478 1736; x_wconf 86' lang='lat' dir='ltr'><strong>sacris</strong></span> <span class='ocrx_word' id='word_1_108' title='bbox 489 1687 620 1735; x_wconf 77' lang='lat' dir='ltr'><strong>ordinibus</strong></span> <span class='ocrx_word' id='word_1_109' title='bbox 632 1688 668 1734; x_wconf 87' lang='lat' dir='ltr'><strong>in·</strong></span> <span class='ocrx_word' id='word_1_110' title='bbox 693 1685 791 1746; x_wconf 90' lang='lat' dir='ltr'><strong>busque</strong></span> <span class='ocrx_word' id='word_1_111' title='bbox 799 1687 863 1734; x_wconf 88' lang='lat' dir='ltr'><strong>solet</strong></span> <span class='ocrx_word' id='word_1_112' title='bbox 869 1699 1153 1748; x_wconf 85' lang='lat' dir='ltr'><strong>surrepere‚verensque</strong></span> <span class='ocrx_word' id='word_1_113' title='bbox 1166 1731 1168 1735; x_wconf 91' lang='lat'>.</span> 
     </span>
     <span class='ocr_line' id='line_1_15' title="bbox 206 1755 1154 1817; baseline 0.002 -15"><span class='ocrx_word' id='word_1_114' title='bbox 206 1755 296 1817; x_wconf 83' lang='lat' dir='ltr'><strong>signiri</strong></span> <span class='ocrx_word' id='word_1_115' title='bbox 305 1757 502 1816; x_wconf 89' lang='lat' dir='ltr'><strong>decemerent,a</strong></span> <span class='ocrx_word' id='word_1_116' title='bbox 518 1770 669 1817; x_wconf 89' lang='lat' dir='ltr'><strong>quocunque</strong></span> <span class='ocrx_word' id='word_1_117' title='bbox 692 1769 723 1802; x_wconf 90' lang='lat' dir='ltr'><strong>ne</strong></span> <span class='ocrx_word' id='word_1_118' title='bbox 746 1755 809 1803; x_wconf 83' lang='lat' dir='ltr'><strong>forte</strong></span> <span class='ocrx_word' id='word_1_119' title='bbox 831 1755 936 1816; x_wconf 65' lang='lat' dir='ltr'><strong>quis.,in</strong></span> <span class='ocrx_word' id='word_1_120' title='bbox 962 1760 1091 1816; x_wconf 89' lang='lat' dir='ltr'><strong>posterum</strong></span> <span class='ocrx_word' id='word_1_121' title='bbox 1113 1757 1154 1804; x_wconf 85' lang='lat' dir='ltr'><strong>vel</strong></span> 
     </span>
     <span class='ocr_line' id='line_1_16' title="bbox 208 1823 1153 1888; baseline 0.001 -15"><span class='ocrx_word' id='word_1_122' title='bbox 208 1827 346 1884; x_wconf 84' lang='lat' dir='ltr'><strong>praesulum</strong></span> <span class='ocrx_word' id='word_1_123' title='bbox 370 1827 489 1875; x_wconf 89' lang='lat' dir='ltr'><strong>canonice</strong></span> <span class='ocrx_word' id='word_1_124' title='bbox 516 1826 669 1887; x_wconf 87' lang='lat' dir='ltr'><strong>ordinatum,</strong></span> <span class='ocrx_word' id='word_1_125' title='bbox 692 1823 748 1872; x_wconf 88' lang='lat' dir='ltr'><strong>haec</strong></span> <span class='ocrx_word' id='word_1_126' title='bbox 765 1824 901 1886; x_wconf 83' lang='lat' dir='ltr'><strong>privilegia</strong></span> <span class='ocrx_word' id='word_1_127' title='bbox 916 1825 972 1873; x_wconf 87' lang='lat' dir='ltr'><strong>loco</strong></span> <span class='ocrx_word' id='word_1_128' title='bbox 987 1825 1026 1873; x_wconf 93' lang='lat' dir='ltr'><strong>illi</strong></span> <span class='ocrx_word' id='word_1_129' title='bbox 1045 1825 1153 1888; x_wconf 82' lang='lat' dir='ltr'><strong>auferre,</strong></span> 
     </span>
     <span class='ocr_line' id='line_1_17' title="bbox 207 1893 1154 1957; baseline 0.001 -15"><span class='ocrx_word' id='word_1_130' title='bbox 207 1899 252 1942; x_wconf 88' lang='lat' dir='ltr'><strong>aut</strong></span> <span class='ocrx_word' id='word_1_131' title='bbox 271 1896 297 1943; x_wconf 93' lang='lat' dir='ltr'><strong>iu</strong></span> <span class='ocrx_word' id='word_1_132' title='bbox 313 1896 383 1944; x_wconf 91' lang='lat' dir='ltr'><strong>illius</strong></span> <span class='ocrx_word' id='word_1_133' title='bbox 400 1896 460 1944; x_wconf 90' lang='lat' dir='ltr'><strong>sede</strong></span> <span class='ocrx_word' id='word_1_134' title='bbox 478 1899 523 1943; x_wconf 91' lang='lat' dir='ltr'><strong>aut</strong></span> <span class='ocrx_word' id='word_1_135' title='bbox 539 1897 565 1942; x_wconf 92' lang='lat' dir='ltr'><strong>in</strong></span> <span class='ocrx_word' id='word_1_136' title='bbox 579 1895 668 1944; x_wconf 91' lang='lat' dir='ltr'><strong>eodem</strong></span> <span class='ocrx_word' id='word_1_137' title='bbox 691 1893 732 1941; x_wconf 87' lang='lat' dir='ltr'><strong>vel</strong></span> <span class='ocrx_word' id='word_1_138' title='bbox 743 1894 877 1942; x_wconf 90' lang='lat' dir='ltr'><strong>monachos</strong></span> <span class='ocrx_word' id='word_1_139' title='bbox 894 1895 953 1942; x_wconf 88' lang='lat' dir='ltr'><strong>inde</strong></span> <span class='ocrx_word' id='word_1_140' title='bbox 968 1895 1097 1943; x_wconf 86' lang='lat' dir='ltr'><strong>moliretur</strong></span> <span class='ocrx_word' id='word_1_141' title='bbox 1107 1897 1154 1957; x_wconf 87' lang='lat' dir='ltr'><strong>eji-</strong></span> 
     </span>
     <span class='ocr_line' id='line_1_18' title="bbox 206 1964 1152 2026; baseline 0.001 -15"><span class='ocrx_word' id='word_1_142' title='bbox 206 1969 302 2014; x_wconf 81' lang='lat' dir='ltr'><strong>sanctae</strong></span> <span class='ocrx_word' id='word_1_143' title='bbox 321 1965 413 2013; x_wconf 86' lang='lat' dir='ltr'><strong>Mariae</strong></span> <span class='ocrx_word' id='word_1_144' title='bbox 425 1965 598 2026; x_wconf 87' lang='lat' dir='ltr'><strong>Glestingensi</strong></span> <span class='ocrx_word' id='word_1_145' title='bbox 615 1980 667 2013; x_wconf 89' lang='lat' dir='ltr'><strong>mo·</strong></span> <span class='ocrx_word' id='word_1_146' title='bbox 690 1977 758 2024; x_wconf 86' lang='lat' dir='ltr'><strong>cere,</strong></span> <span class='ocrx_word' id='word_1_147' title='bbox 794 1964 881 2012; x_wconf 88' lang='lat' dir='ltr'><strong>inclito</strong></span> <span class='ocrx_word' id='word_1_148' title='bbox 914 1964 1014 2012; x_wconf 91' lang='lat' dir='ltr'><strong>domino</strong></span> <span class='ocrx_word' id='word_1_149' title='bbox 1041 1964 1152 2012; x_wconf 90' lang='lat' dir='ltr'><strong>Johanni</strong></span> 
     </span>
     <span class='ocr_line' id='line_1_19' title="bbox 204 2033 1151 2096; baseline 0.002 -16"><span class='ocrx_word' id='word_1_150' title='bbox 204 2034 667 2094; x_wconf 86' lang='lat' dir='ltr'><strong>nasteriotammonachosquamcle·</strong></span> <span class='ocrx_word' id='word_1_151' title='bbox 689 2046 774 2094; x_wconf 83' lang='lat' dir='ltr'><strong>papae,</strong></span> <span class='ocrx_word' id='word_1_152' title='bbox 804 2033 849 2093; x_wconf 92' lang='lat' dir='ltr'><strong>qui</strong></span> <span class='ocrx_word' id='word_1_153' title='bbox 871 2033 1012 2082; x_wconf 85' lang='lat' dir='ltr'><strong>Octaviano</strong></span> <span class='ocrx_word' id='word_1_154' title='bbox 1036 2033 1062 2081; x_wconf 93' lang='lat' dir='ltr'><strong>in</strong></span> <span class='ocrx_word' id='word_1_155' title='bbox 1084 2036 1151 2096; x_wconf 86' lang='lat' dir='ltr'><strong>regi·</strong></span> 
     </span>
     <span class='ocr_line' id='line_1_20' title="bbox 205 2102 1152 2166; baseline 0 -14"><span class='ocrx_word' id='word_1_156' title='bbox 205 2117 256 2166; x_wconf 86' lang='lat' dir='ltr'><strong>ros,</strong></span> <span class='ocrx_word' id='word_1_157' title='bbox 273 2119 336 2166; x_wconf 91' lang='lat' dir='ltr'><strong>quos</strong></span> <span class='ocrx_word' id='word_1_158' title='bbox 354 2104 458 2152; x_wconf 88' lang='lat' dir='ltr'><strong>idoneos</strong></span> <span class='ocrx_word' id='word_1_159' title='bbox 471 2103 617 2165; x_wconf 86' lang='lat' dir='ltr'><strong>judicarent</strong></span> <span class='ocrx_word' id='word_1_160' title='bbox 632 2105 666 2152; x_wconf 88' lang='lat' dir='ltr'><strong>ad</strong></span> <span class='ocrx_word' id='word_1_161' title='bbox 690 2103 765 2150; x_wconf 88' lang='lat' dir='ltr'><strong>minis</strong></span> <span class='ocrx_word' id='word_1_162' title='bbox 776 2103 868 2151; x_wconf 88' lang='lat' dir='ltr'><strong>honore</strong></span> <span class='ocrx_word' id='word_1_163' title='bbox 880 2107 1046 2164; x_wconf 79' lang='lat' dir='ltr'><strong>successerat,</strong></span> <span class='ocrx_word' id='word_1_164' title='bbox 1058 2102 1152 2152; x_wconf 84' lang='lat' dir='ltr'><strong>direxit</strong></span> 
     </span>
     <span class='ocr_line' id='line_1_21' title="bbox 205 2170 1152 2235; baseline 0 -15"><span class='ocrx_word' id='word_1_165' title='bbox 205 2173 307 2223; x_wconf 88' lang='lat' dir='ltr'><strong>titulum</strong></span> <span class='ocrx_word' id='word_1_166' title='bbox 326 2178 421 2224; x_wconf 84' lang='lat' dir='ltr'><strong>sanetae</strong></span> <span class='ocrx_word' id='word_1_167' title='bbox 436 2173 528 2220; x_wconf 85' lang='lat' dir='ltr'><strong>Mariae</strong></span> <span class='ocrx_word' id='word_1_168' title='bbox 545 2173 666 2235; x_wconf 84' lang='lat' dir='ltr'><strong>ordinari,</strong></span> <span class='ocrx_word' id='word_1_169' title='bbox 688 2170 757 2218; x_wconf 90' lang='lat' dir='ltr'><strong>idem</strong></span> <span class='ocrx_word' id='word_1_170' title='bbox 767 2172 961 2233; x_wconf 82' lang='lat' dir='ltr'><strong>chirographum</strong></span> <span class='ocrx_word' id='word_1_171' title='bbox 971 2173 1049 2233; x_wconf 87' lang='lat' dir='ltr'><strong>regiae</strong></span> <span class='ocrx_word' id='word_1_172' title='bbox 1059 2172 1152 2221; x_wconf 84' lang='lat' dir='ltr'><strong>libera-</strong></span> 
     </span>
     <span class='ocr_line' id='line_1_22' title="bbox 206 2239 1151 2302; baseline 0.002 -14"><span class='ocrx_word' id='word_1_173' title='bbox 206 2241 326 2292; x_wconf 84' lang='lat' dir='ltr'><strong>facerent.</strong></span> <span class='ocrx_word' id='word_1_174' title='bbox 363 2241 496 2292; x_wconf 71' lang='lat' dir='ltr'><strong>concessit</strong></span> <span class='ocrx_word' id='word_1_175' title='bbox 506 2243 581 2289; x_wconf 90' lang='lat' dir='ltr'><strong>etiam</strong></span> <span class='ocrx_word' id='word_1_176' title='bbox 592 2247 622 2289; x_wconf 93' lang='lat' dir='ltr'><strong>ut</strong></span> <span class='ocrx_word' id='word_1_177' title='bbox 632 2243 666 2290; x_wconf 89' lang='lat' dir='ltr'><strong>si·</strong></span> <span class='ocrx_word' id='word_1_178' title='bbox 688 2239 777 2302; x_wconf 88' lang='lat' dir='ltr'><strong>litatis,</strong></span> <span class='ocrx_word' id='word_1_179' title='bbox 788 2255 862 2290; x_wconf 89' lang='lat' dir='ltr'><strong>orans</strong></span> <span class='ocrx_word' id='word_1_180' title='bbox 880 2245 910 2289; x_wconf 89' lang='lat' dir='ltr'><strong>ut</strong></span> <span class='ocrx_word' id='word_1_181' title='bbox 925 2245 951 2288; x_wconf 87' lang='lat' dir='ltr'><strong>et</strong></span> <span class='ocrx_word' id='word_1_182' title='bbox 968 2240 1023 2288; x_wconf 75' lang='lat' dir='ltr'><strong>hmo</strong></span> <span class='ocrx_word' id='word_1_183' title='bbox 1042 2241 1097 2301; x_wconf 85' lang='lat' dir='ltr'><strong>ipse</strong></span> <span class='ocrx_word' id='word_1_184' title='bbox 1111 2257 1151 2290; x_wconf 90' lang='lat' dir='ltr'><strong>ro-</strong></span> 
     </span>
     <span class='ocr_line' id='line_1_23' title="bbox 206 2308 1151 2373; baseline 0.002 -15"><span class='ocrx_word' id='word_1_185' title='bbox 206 2315 250 2359; x_wconf 91' lang='lat' dir='ltr'><strong>cut</strong></span> <span class='ocrx_word' id='word_1_186' title='bbox 259 2313 315 2373; x_wconf 89' lang='lat' dir='ltr'><strong>ipse</strong></span> <span class='ocrx_word' id='word_1_187' title='bbox 331 2311 357 2358; x_wconf 93' lang='lat' dir='ltr'><strong>iu</strong></span> <span class='ocrx_word' id='word_1_188' title='bbox 373 2311 484 2371; x_wconf 88' lang='lat' dir='ltr'><strong>propria,</strong></span> <span class='ocrx_word' id='word_1_189' title='bbox 494 2311 531 2358; x_wconf 91' lang='lat' dir='ltr'><strong>ita</strong></span> <span class='ocrx_word' id='word_1_190' title='bbox 540 2310 618 2360; x_wconf 89' lang='lat' dir='ltr'><strong>totius</strong></span> <span class='ocrx_word' id='word_1_191' title='bbox 628 2311 667 2359; x_wconf 91' lang='lat' dir='ltr'><strong>in·</strong></span> <span class='ocrx_word' id='word_1_192' title='bbox 689 2308 789 2357; x_wconf 88' lang='lat' dir='ltr'><strong>boraret</strong></span> <span class='ocrx_word' id='word_1_193' title='bbox 805 2311 899 2371; x_wconf 86' lang='lat' dir='ltr'><strong>scripto</strong></span> <span class='ocrx_word' id='word_1_194' title='bbox 915 2311 1073 2358; x_wconf 83' lang='lat' dir='ltr'><strong>auctoritatis</strong></span> <span class='ocrx_word' id='word_1_195' title='bbox 1089 2325 1151 2371; x_wconf 88' lang='lat' dir='ltr'><strong>apo-</strong></span> 
     </span>
     <span class='ocr_line' id='line_1_24' title="bbox 207 2379 1149 2441; baseline 0 -13"><span class='ocrx_word' id='word_1_196' title='bbox 207 2381 271 2430; x_wconf 83' lang='lat' dir='ltr'><strong>sulae</strong></span> <span class='ocrx_word' id='word_1_197' title='bbox 284 2380 539 2430; x_wconf 89' lang='lat' dir='ltr'><strong>causasinomnibus</strong></span> <span class='ocrx_word' id='word_1_198' title='bbox 555 2384 606 2428; x_wconf 84' lang='lat' dir='ltr'><strong>tarn</strong></span> <span class='ocrx_word' id='word_1_199' title='bbox 622 2395 665 2429; x_wconf 87' lang='lat' dir='ltr'><strong>ec·</strong></span> <span class='ocrx_word' id='word_1_200' title='bbox 689 2379 794 2427; x_wconf 88' lang='lat' dir='ltr'><strong>stolicae.</strong></span> <span class='ocrx_word' id='word_1_201' title='bbox 831 2380 893 2441; x_wconf 86' lang='lat' dir='ltr'><strong>Qui,</strong></span> <span class='ocrx_word' id='word_1_202' title='bbox 909 2380 1016 2440; x_wconf 88' lang='lat' dir='ltr'><strong>benigne</strong></span> <span class='ocrx_word' id='word_1_203' title='bbox 1028 2380 1149 2428; x_wconf 88' lang='lat' dir='ltr'><strong>directam</strong></span> 
     </span>
     <span class='ocr_line' id='line_1_25' title="bbox 205 2448 1189 2511; baseline 0.001 -14"><span class='ocrx_word' id='word_1_204' title='bbox 205 2451 442 2511; x_wconf 87' lang='lat' dir='ltr'><strong>clesiasticisquam</strong></span> <span class='ocrx_word' id='word_1_205' title='bbox 454 2448 611 2498; x_wconf 86' lang='lat' dir='ltr'><strong>secularibus</strong></span> <span class='ocrx_word' id='word_1_206' title='bbox 622 2465 666 2498; x_wconf 92' lang='lat' dir='ltr'><strong>ne·</strong></span> <span class='ocrx_word' id='word_1_207' title='bbox 688 2448 830 2509; x_wconf 89' lang='lat' dir='ltr'><strong>suscipiens</strong></span> <span class='ocrx_word' id='word_1_208' title='bbox 850 2449 1011 2510; x_wconf 81' lang='lat' dir='ltr'><strong>legationem,</strong></span> <span class='ocrx_word' id='word_1_209' title='bbox 1032 2451 1149 2498; x_wconf 86' lang='lat' dir='ltr'><strong>concordi</strong></span> <span class='ocrx_word' id='word_1_210' title='bbox 1183 2505 1189 2511; x_wconf 53' lang='grc'><strong>,</strong></span> 
     </span>
     <span class='ocr_line' id='line_1_26' title="bbox 206 2519 1149 2581; baseline 0 -13"><span class='ocrx_word' id='word_1_211' title='bbox 206 2520 291 2581; x_wconf 87' lang='lat' dir='ltr'><strong>gotiis,</strong></span> <span class='ocrx_word' id='word_1_212' title='bbox 308 2521 404 2581; x_wconf 82' lang='lat' dir='ltr'><strong>absque</strong></span> <span class='ocrx_word' id='word_1_213' title='bbox 425 2519 504 2567; x_wconf 89' lang='lat' dir='ltr'><strong>ullius</strong></span> <span class='ocrx_word' id='word_1_214' title='bbox 526 2519 666 2568; x_wconf 88' lang='lat' dir='ltr'><strong>contradic·</strong></span> <span class='ocrx_word' id='word_1_215' title='bbox 688 2531 794 2566; x_wconf 85' lang='lat' dir='ltr'><strong>assensu</strong></span> <span class='ocrx_word' id='word_1_216' title='bbox 811 2519 918 2567; x_wconf 85' lang='lat' dir='ltr'><strong>Romani</strong></span> <span class='ocrx_word' id='word_1_217' title='bbox 936 2519 1036 2566; x_wconf 87' lang='lat' dir='ltr'><strong>concilii</strong></span> <span class='ocrx_word' id='word_1_218' title='bbox 1052 2521 1149 2568; x_wconf 89' lang='lat' dir='ltr'><strong>sancita</strong></span> 
     </span>
     <span class='ocr_line' id='line_1_27' title="bbox 205 2586 1149 2648; baseline -0.001 -12"><span class='ocrx_word' id='word_1_219' title='bbox 205 2589 271 2638; x_wconf 87' lang='lat' dir='ltr'><strong>tione</strong></span> <span class='ocrx_word' id='word_1_220' title='bbox 283 2591 362 2638; x_wconf 87' lang='lat' dir='ltr'><strong>abbas</strong></span> <span class='ocrx_word' id='word_1_221' title='bbox 375 2593 420 2638; x_wconf 88' lang='lat' dir='ltr'><strong>aut</strong></span> <span class='ocrx_word' id='word_1_222' title='bbox 435 2592 573 2636; x_wconf 86' lang='lat' dir='ltr'><strong>conventus</strong></span> <span class='ocrx_word' id='word_1_223' title='bbox 590 2589 666 2636; x_wconf 88' lang='lat' dir='ltr'><strong>corri-</strong></span> <span class='ocrx_word' id='word_1_224' title='bbox 689 2587 721 2634; x_wconf 89' lang='lat' dir='ltr'><strong>ab</strong></span> <span class='ocrx_word' id='word_1_225' title='bbox 737 2586 770 2635; x_wconf 90' lang='lat' dir='ltr'><strong>iis</strong></span> <span class='ocrx_word' id='word_1_226' title='bbox 787 2587 895 2636; x_wconf 79' lang='lat' dir='ltr'><strong>firmavit</strong></span> <span class='ocrx_word' id='word_1_227' title='bbox 906 2588 1037 2637; x_wconf 92' lang='lat' dir='ltr'><strong>scribendo</strong></span> <span class='ocrx_word' id='word_1_228' title='bbox 1048 2594 1149 2648; x_wconf 64' lang='lat' dir='ltr'><strong>aposta</strong></span> 
     </span>
     <span class='ocr_line' id='line_1_28' title="bbox 205 2655 1147 2720; baseline -0.001 -14"><span class='ocrx_word' id='word_1_229' title='bbox 205 2663 283 2720; x_wconf 88' lang='lat' dir='ltr'><strong>geret.</strong></span> <span class='ocrx_word' id='word_1_230' title='bbox 320 2659 376 2708; x_wconf 88' lang='lat' dir='ltr'><strong>Nee</strong></span> <span class='ocrx_word' id='word_1_231' title='bbox 391 2658 430 2706; x_wconf 86' lang='lat' dir='ltr'><strong>illi</strong></span> <span class='ocrx_word' id='word_1_232' title='bbox 446 2657 545 2706; x_wconf 90' lang='lat' dir='ltr'><strong>omnino</strong></span> <span class='ocrx_word' id='word_1_233' title='bbox 556 2657 665 2706; x_wconf 88' lang='lat' dir='ltr'><strong>insulam</strong></span> <span class='ocrx_word' id='word_1_234' title='bbox 687 2655 745 2703; x_wconf 82' lang='lat' dir='ltr'><strong>lieae</strong></span> <span class='ocrx_word' id='word_1_235' title='bbox 762 2657 920 2706; x_wconf 86' lang='lat' dir='ltr'><strong>auctoritatis</strong></span> <span class='ocrx_word' id='word_1_236' title='bbox 936 2659 1147 2718; x_wconf 66' lang='lat' dir='ltr'><strong>praeceptionem</strong></span> 
     </span>
     <span class='ocr_line' id='line_1_29' title="bbox 202 2725 1148 2788; baseline 0 -12"><span class='ocrx_word' id='word_1_237' title='bbox 202 2729 343 2777; x_wconf 85' lang='lat' dir='ltr'><strong>nativitatis</strong></span> <span class='ocrx_word' id='word_1_238' title='bbox 369 2742 424 2776; x_wconf 86' lang='lat' dir='ltr'><strong>suae</strong></span> <span class='ocrx_word' id='word_1_239' title='bbox 452 2726 587 2788; x_wconf 88' lang='lat' dir='ltr'><strong>consciam,</strong></span> <span class='ocrx_word' id='word_1_240' title='bbox 611 2728 664 2775; x_wconf 87' lang='lat' dir='ltr'><strong>sive</strong></span> <span class='ocrx_word' id='word_1_241' title='bbox 688 2725 833 2774; x_wconf 85' lang='lat' dir='ltr'><strong>terribiliter</strong></span> <span class='ocrx_word' id='word_1_242' title='bbox 854 2726 1000 2786; x_wconf 88' lang='lat' dir='ltr'><strong>intorquens</strong></span> <span class='ocrx_word' id='word_1_243' title='bbox 1022 2727 1049 2774; x_wconf 91' lang='lat' dir='ltr'><strong>in</strong></span> <span class='ocrx_word' id='word_1_244' title='bbox 1069 2727 1148 2776; x_wconf 85' lang='lat' dir='ltr'><strong>viola·</strong></span> 
     </span>
     <span class='ocr_line' id='line_1_30' title="bbox 203 2795 1148 2860; baseline -0.001 -15"><span class='ocrx_word' id='word_1_245' title='bbox 203 2799 348 2860; x_wconf 87' lang='lat' dir='ltr'><strong>episeopus,</strong></span> <span class='ocrx_word' id='word_1_246' title='bbox 369 2799 422 2846; x_wconf 87' lang='lat' dir='ltr'><strong>sive</strong></span> <span class='ocrx_word' id='word_1_247' title='bbox 444 2797 508 2857; x_wconf 88' lang='lat' dir='ltr'><strong>dux,</strong></span> <span class='ocrx_word' id='word_1_248' title='bbox 531 2801 577 2844; x_wconf 88' lang='lat' dir='ltr'><strong>aut</strong></span> <span class='ocrx_word' id='word_1_249' title='bbox 597 2797 666 2856; x_wconf 90' lang='lat' dir='ltr'><strong>prin·</strong></span> <span class='ocrx_word' id='word_1_250' title='bbox 687 2799 764 2856; x_wconf 91' lang='lat' dir='ltr'><strong>tores,</strong></span> <span class='ocrx_word' id='word_1_251' title='bbox 786 2796 809 2843; x_wconf 93' lang='lat' dir='ltr'><strong>si</strong></span> <span class='ocrx_word' id='word_1_252' title='bbox 839 2796 883 2856; x_wconf 92' lang='lat' dir='ltr'><strong>qui</strong></span> <span class='ocrx_word' id='word_1_253' title='bbox 906 2795 969 2844; x_wconf 83' lang='lat' dir='ltr'><strong>forte</strong></span> <span class='ocrx_word' id='word_1_254' title='bbox 994 2797 1148 2857; x_wconf 88' lang='lat' dir='ltr'><strong>emerserint,</strong></span> 
     </span>
     <span class='ocr_line' id='line_1_31' title="bbox 204 2863 1146 2929; baseline -0.002 -12"><span class='ocrx_word' id='word_1_255' title='bbox 204 2881 274 2929; x_wconf 82' lang='lat' dir='ltr'><strong>ceps,</strong></span> <span class='ocrx_word' id='word_1_256' title='bbox 300 2872 346 2916; x_wconf 89' lang='lat' dir='ltr'><strong>aut</strong></span> <span class='ocrx_word' id='word_1_257' title='bbox 367 2867 549 2927; x_wconf 87' lang='lat' dir='ltr'><strong>cujuscunque</strong></span> <span class='ocrx_word' id='word_1_258' title='bbox 569 2865 665 2915; x_wconf 88' lang='lat' dir='ltr'><strong>ordinis</strong></span> <span class='ocrx_word' id='word_1_259' title='bbox 687 2865 805 2925; x_wconf 84' lang='lat' dir='ltr'><strong>perpetui</strong></span> <span class='ocrx_word' id='word_1_260' title='bbox 827 2863 994 2914; x_wconf 86' lang='lat' dir='ltr'><strong>anathematis</strong></span> <span class='ocrx_word' id='word_1_261' title='bbox 1015 2865 1146 2916; x_wconf 88' lang='lat' dir='ltr'><strong>ultionem.</strong></span> 
     </span>
     <span class='ocr_line' id='line_1_32' title="bbox 203 2931 1147 2999; baseline -0.001 -15"><span class='ocrx_word' id='word_1_262' title='bbox 203 2938 280 2999; x_wconf 89' lang='lat' dir='ltr'><strong>alius,</strong></span> <span class='ocrx_word' id='word_1_263' title='bbox 289 2937 387 2986; x_wconf 89' lang='lat' dir='ltr'><strong>licitum</strong></span> <span class='ocrx_word' id='word_1_264' title='bbox 398 2935 462 2984; x_wconf 83' lang='lat' dir='ltr'><strong>foret</strong></span> <span class='ocrx_word' id='word_1_265' title='bbox 472 2936 575 2996; x_wconf 89' lang='lat' dir='ltr'><strong>intrare,</strong></span> <span class='ocrx_word' id='word_1_266' title='bbox 586 2949 665 2984; x_wconf 85' lang='lat' dir='ltr'><strong>causa</strong></span> <span class='ocrx_word' id='word_1_267' title='bbox 688 2933 772 2994; x_wconf 84' lang='lat' dir='ltr'><strong>Igitur</strong></span> <span class='ocrx_word' id='word_1_268' title='bbox 784 2934 879 2982; x_wconf 90' lang='lat' dir='ltr'><strong>domini</strong></span> <span class='ocrx_word' id='word_1_269' title='bbox 890 2931 1007 2993; x_wconf 87' lang='lat' dir='ltr'><strong>praedioti</strong></span> <span class='ocrx_word' id='word_1_270' title='bbox 1015 2936 1147 2995; x_wconf 90' lang='lat' dir='ltr'><strong>apostolici</strong></span> 
     </span>
     <span class='ocr_line' id='line_1_33' title="bbox 203 3003 1147 3068; baseline -0.002 -13"><span class='ocrx_word' id='word_1_271' title='bbox 203 3007 335 3068; x_wconf 86' lang='lat' dir='ltr'><strong>quippiam</strong></span> <span class='ocrx_word' id='word_1_272' title='bbox 350 3003 461 3054; x_wconf 85' lang='lat' dir='ltr'><strong>faciendi</strong></span> <span class='ocrx_word' id='word_1_273' title='bbox 480 3005 548 3066; x_wconf 90' lang='lat' dir='ltr'><strong>quod</strong></span> <span class='ocrx_word' id='word_1_274' title='bbox 567 3008 664 3054; x_wconf 79' lang='lat' dir='ltr'><strong>contra·</strong></span> <span class='ocrx_word' id='word_1_275' title='bbox 686 3003 768 3051; x_wconf 92' lang='lat' dir='ltr'><strong>eidem</strong></span> <span class='ocrx_word' id='word_1_276' title='bbox 779 3004 1147 3053; x_wconf 89' lang='lat' dir='ltr'><strong>locodirectumtestamentum</strong></span> 
     </span>
     <span class='ocr_line' id='line_1_34' title="bbox 203 3073 1147 3137; baseline -0.001 -14"><span class='ocrx_word' id='word_1_277' title='bbox 203 3076 268 3124; x_wconf 91' lang='lat' dir='ltr'><strong>rium</strong></span> <span class='ocrx_word' id='word_1_278' title='bbox 280 3077 410 3124; x_wconf 88' lang='lat' dir='ltr'><strong>inibiDeo</strong></span> <span class='ocrx_word' id='word_1_279' title='bbox 421 3075 588 3124; x_wconf 82' lang='lat' dir='ltr'><strong>servientibus</strong></span> <span class='ocrx_word' id='word_1_280' title='bbox 607 3088 663 3124; x_wconf 88' lang='lat' dir='ltr'><strong>esse</strong></span> <span class='ocrx_word' id='word_1_281' title='bbox 687 3078 800 3122; x_wconf 86' lang='lat' dir='ltr'><strong>venustae</strong></span> <span class='ocrx_word' id='word_1_282' title='bbox 822 3073 1003 3137; x_wconf 89' lang='lat' dir='ltr'><strong>reeordationis</strong></span> <span class='ocrx_word' id='word_1_283' title='bbox 1024 3088 1069 3122; x_wconf 86' lang='lat' dir='ltr'><strong>rex</strong></span> <span class='ocrx_word' id='word_1_284' title='bbox 1093 3075 1147 3122; x_wconf 88' lang='lat' dir='ltr'><strong>Ed-</strong></span> 
     </span>
     <span class='ocr_line' id='line_1_35' title="bbox 201 3144 1146 3206; baseline 0 -13"><span class='ocrx_word' id='word_1_285' title='bbox 201 3146 290 3206; x_wconf 87' lang='lat' dir='ltr'><strong>possit,</strong></span> <span class='ocrx_word' id='word_1_286' title='bbox 301 3147 368 3194; x_wconf 88' lang='lat' dir='ltr'><strong>sicut</strong></span> <span class='ocrx_word' id='word_1_287' title='bbox 378 3149 404 3194; x_wconf 92' lang='lat' dir='ltr'><strong>et</strong></span> <span class='ocrx_word' id='word_1_288' title='bbox 413 3144 613 3206; x_wconf 81' lang='lat' dir='ltr'><strong>praedecessores</strong></span> <span class='ocrx_word' id='word_1_289' title='bbox 622 3146 663 3193; x_wconf 90' lang='lat' dir='ltr'><strong>sui</strong></span> <span class='ocrx_word' id='word_1_290' title='bbox 684 3156 764 3203; x_wconf 85' lang='lat' dir='ltr'><strong>garns</strong></span> <span class='ocrx_word' id='word_1_291' title='bbox 792 3157 869 3204; x_wconf 86' lang='lat' dir='ltr'><strong>super</strong></span> <span class='ocrx_word' id='word_1_292' title='bbox 895 3158 965 3193; x_wconf 85' lang='lat' dir='ltr'><strong>aram</strong></span> <span class='ocrx_word' id='word_1_293' title='bbox 992 3144 1146 3194; x_wconf 86' lang='lat' dir='ltr'><strong>beatissimae</strong></span> 
     </span>
     <span class='ocr_line' id='line_1_36' title="bbox 201 3211 1147 3276; baseline 0 -14"><span class='ocrx_word' id='word_1_294' title='bbox 201 3220 347 3276; x_wconf 86' lang='lat' dir='ltr'><strong>sanxerunt,</strong></span> <span class='ocrx_word' id='word_1_295' title='bbox 368 3219 394 3264; x_wconf 87' lang='lat' dir='ltr'><strong>et</strong></span> <span class='ocrx_word' id='word_1_296' title='bbox 414 3214 556 3276; x_wconf 83' lang='lat' dir='ltr'><strong>privilegiis</strong></span> <span class='ocrx_word' id='word_1_297' title='bbox 573 3215 660 3264; x_wconf 87' lang='lat' dir='ltr'><strong>contir-</strong></span> <span class='ocrx_word' id='word_1_298' title='bbox 686 3211 737 3260; x_wconf 91' lang='lat' dir='ltr'><strong>Dei</strong></span> <span class='ocrx_word' id='word_1_299' title='bbox 757 3213 886 3274; x_wconf 83' lang='lat' dir='ltr'><strong>genitricis</strong></span> <span class='ocrx_word' id='word_1_300' title='bbox 901 3213 993 3262; x_wconf 82' lang='lat' dir='ltr'><strong>Mariae</strong></span> <span class='ocrx_word' id='word_1_301' title='bbox 1010 3214 1096 3262; x_wconf 89' lang='lat' dir='ltr'><strong>itidem</strong></span> <span class='ocrx_word' id='word_1_302' title='bbox 1113 3214 1147 3262; x_wconf 87' lang='lat' dir='ltr'><strong>ad</strong></span> 
     </span>
     <span class='ocr_line' id='line_1_37' title="bbox 201 3282 1217 3346; baseline 0.002 -16"><span class='ocrx_word' id='word_1_303' title='bbox 201 3289 351 3344; x_wconf 80' lang='lat' dir='ltr'><strong>moverunt3</strong></span> <span class='ocrx_word' id='word_1_304' title='bbox 377 3284 497 3332; x_wconf 81' lang='lat' dir='ltr'><strong>videlicet</strong></span> <span class='ocrx_word' id='word_1_305' title='bbox 518 3283 661 3346; x_wconf 83' lang='lat' dir='ltr'><strong>Cenwines,</strong></span> <span class='ocrx_word' id='word_1_306' title='bbox 686 3282 832 3342; x_wconf 80' lang='lat' dir='ltr'><strong>perpetuale</strong></span> <span class='ocrx_word' id='word_1_307' title='bbox 843 3282 929 3343; x_wconf 89' lang='lat' dir='ltr'><strong>posuit</strong></span> <span class='ocrx_word' id='word_1_308' title='bbox 944 3287 1147 3332; x_wconf 85' lang='lat' dir='ltr'><strong>monumentum:</strong></span> <span class='ocrx_word' id='word_1_309' title='bbox 1215 3330 1217 3335; x_wconf 90' lang='grc'>,</span> 
     </span>
     <span class='ocr_line' id='line_1_38' title="bbox 201 3351 1147 3414; baseline 0 -14"><span class='ocrx_word' id='word_1_310' title='bbox 201 3353 269 3414; x_wconf 90' lang='lat' dir='ltr'><strong>lnes,</strong></span> <span class='ocrx_word' id='word_1_311' title='bbox 301 3353 476 3414; x_wconf 88' lang='lat' dir='ltr'><strong>Athellardus,</strong></span> <span class='ocrx_word' id='word_1_312' title='bbox 507 3351 661 3414; x_wconf 87' lang='lat' dir='ltr'><strong>Cuthredus,</strong></span> <span class='ocrx_word' id='word_1_313' title='bbox 681 3351 775 3411; x_wconf 87' lang='lat' dir='ltr'><strong>jubens</strong></span> <span class='ocrx_word' id='word_1_314' title='bbox 805 3352 939 3412; x_wconf 81' lang='lat' dir='ltr'><strong>diligenter</strong></span> <span class='ocrx_word' id='word_1_315' title='bbox 969 3353 1094 3400; x_wconf 82' lang='lat' dir='ltr'><strong>asservari</strong></span> <span class='ocrx_word' id='word_1_316' title='bbox 1120 3353 1147 3400; x_wconf 91' lang='lat' dir='ltr'><strong>in</strong></span> 
     </span>
     <span class='ocr_line' id='line_1_39' title="bbox 202 3420 1147 3482; baseline 0 -14"><span class='ocrx_word' id='word_1_317' title='bbox 202 3421 331 3482; x_wconf 61' lang='lat' dir='ltr'><strong>litifredus,</strong></span> <span class='ocrx_word' id='word_1_318' title='bbox 354 3422 507 3482; x_wconf 67' lang='lat' dir='ltr'><strong>ildicardae,</strong></span> <span class='ocrx_word' id='word_1_319' title='bbox 535 3420 661 3469; x_wconf 87' lang='lat' dir='ltr'><strong>Ethelsta-</strong></span> <span class='ocrx_word' id='word_1_320' title='bbox 685 3423 813 3479; x_wconf 91' lang='lat' dir='ltr'><strong>posterum</strong></span> <span class='ocrx_word' id='word_1_321' title='bbox 824 3420 979 3468; x_wconf 84' lang='lat' dir='ltr'><strong>adnotitiam</strong></span> <span class='ocrx_word' id='word_1_322' title='bbox 991 3435 1147 3480; x_wconf 88' lang='lat' dir='ltr'><strong>quorumque</strong></span> 
     </span>
     <span class='ocr_line' id='line_1_40' title="bbox 201 3489 1147 3552; baseline -0.002 -14"><span class='ocrx_word' id='word_1_323' title='bbox 201 3505 260 3552; x_wconf 91' lang='lat' dir='ltr'><strong>nus,</strong></span> <span class='ocrx_word' id='word_1_324' title='bbox 270 3491 448 3551; x_wconf 86' lang='lat' dir='ltr'><strong>Aedmundus,</strong></span> <span class='ocrx_word' id='word_1_325' title='bbox 465 3490 565 3538; x_wconf 91' lang='lat' dir='ltr'><strong>omnino</strong></span> <span class='ocrx_word' id='word_1_326' title='bbox 576 3489 660 3549; x_wconf 87' lang='lat' dir='ltr'><strong>prohi-</strong></span> <span class='ocrx_word' id='word_1_327' title='bbox 687 3490 854 3549; x_wconf 87' lang='lat' dir='ltr'><strong>sequentium.</strong></span> <span class='ocrx_word' id='word_1_328' title='bbox 891 3489 930 3536; x_wconf 88' lang='lat' dir='ltr'><strong>Ea</strong></span> <span class='ocrx_word' id='word_1_329' title='bbox 942 3490 1017 3537; x_wconf 87' lang='lat' dir='ltr'><strong>etiam</strong></span> <span class='ocrx_word' id='word_1_330' title='bbox 1030 3493 1147 3550; x_wconf 88' lang='lat' dir='ltr'><strong>utraque,</strong></span> 
     </span>
     <span class='ocr_line' id='line_1_41' title="bbox 201 3558 1147 3622; baseline -0.003 -13"><span class='ocrx_word' id='word_1_331' title='bbox 201 3562 265 3610; x_wconf 88' lang='lat' dir='ltr'><strong>buit.</strong></span> <span class='ocrx_word' id='word_1_332' title='bbox 292 3560 342 3609; x_wconf 91' lang='lat' dir='ltr'><strong>Ubi</strong></span> <span class='ocrx_word' id='word_1_333' title='bbox 353 3575 412 3622; x_wconf 89' lang='lat' dir='ltr'><strong>ergo</strong></span> <span class='ocrx_word' id='word_1_334' title='bbox 424 3559 534 3622; x_wconf 88' lang='lat' dir='ltr'><strong>generali</strong></span> <span class='ocrx_word' id='word_1_335' title='bbox 545 3572 660 3618; x_wconf 89' lang='lat' dir='ltr'><strong>assensu,</strong></span> <span class='ocrx_word' id='word_1_336' title='bbox 685 3571 717 3604; x_wconf 89' lang='lat' dir='ltr'><strong>ne</strong></span> <span class='ocrx_word' id='word_1_337' title='bbox 739 3558 871 3608; x_wconf 84' lang='lat' dir='ltr'><strong>videamur</strong></span> <span class='ocrx_word' id='word_1_338' title='bbox 892 3558 954 3606; x_wconf 84' lang='lat' dir='ltr'><strong>talia</strong></span> <span class='ocrx_word' id='word_1_339' title='bbox 976 3560 1147 3619; x_wconf 88' lang='lat' dir='ltr'><strong>commentari,</strong></span> 
     </span>
     <span class='ocr_line' id='line_1_42' title="bbox 201 3621 1147 3691; baseline -0.001 -14"><span class='ocrx_word' id='word_1_340' title='bbox 201 3635 230 3678; x_wconf 89' lang='lat' dir='ltr'><strong>ut</strong></span> <span class='ocrx_word' id='word_1_341' title='bbox 241 3631 337 3679; x_wconf 91' lang='lat' dir='ltr'><strong>dictum</strong></span> <span class='ocrx_word' id='word_1_342' title='bbox 354 3633 402 3691; x_wconf 91' lang='lat' dir='ltr'><strong>est,</strong></span> <span class='ocrx_word' id='word_1_343' title='bbox 411 3629 566 3690; x_wconf 86' lang='lat' dir='ltr'><strong>pontificum,</strong></span> <span class='ocrx_word' id='word_1_344' title='bbox 584 3628 660 3676; x_wconf 86' lang='lat' dir='ltr'><strong>abba·</strong></span> <span class='ocrx_word' id='word_1_345' title='bbox 686 3625 725 3675; x_wconf 90' lang='lat' dir='ltr'><strong>his</strong></span> <span class='ocrx_word' id='word_1_346' title='bbox 742 3621 841 3688; x_wconf 85' lang='lat' dir='ltr'><strong>gratum</strong></span> <span class='ocrx_word' id='word_1_347' title='bbox 860 3627 996 3675; x_wconf 90' lang='lat' dir='ltr'><strong>habuimus</strong></span> <span class='ocrx_word' id='word_1_348' title='bbox 1012 3627 1147 3676; x_wconf 88' lang='lat' dir='ltr'><strong>subindere</strong></span> 
     </span>
     <span class='ocr_line' id='line_1_43' title="bbox 200 3695 1147 3762; baseline -0.003 -14"><span class='ocrx_word' id='word_1_349' title='bbox 200 3703 263 3762; x_wconf 90' lang='lat' dir='ltr'><strong>tum,</strong></span> <span class='ocrx_word' id='word_1_350' title='bbox 273 3700 472 3760; x_wconf 86' lang='lat' dir='ltr'><strong>optimatumque</strong></span> <span class='ocrx_word' id='word_1_351' title='bbox 482 3711 594 3756; x_wconf 89' lang='lat' dir='ltr'><strong>suorum,</strong></span> <span class='ocrx_word' id='word_1_352' title='bbox 605 3696 660 3744; x_wconf 83' lang='lat' dir='ltr'><strong>haec</strong></span> <span class='ocrx_word' id='word_1_353' title='bbox 686 3695 808 3746; x_wconf 78' lang='lat' dir='ltr'><strong>adversus</strong></span> <span class='ocrx_word' id='word_1_354' title='bbox 819 3711 863 3745; x_wconf 89' lang='lat' dir='ltr'><strong>eos</strong></span> <span class='ocrx_word' id='word_1_355' title='bbox 874 3696 918 3756; x_wconf 91' lang='lat' dir='ltr'><strong>qui</strong></span> <span class='ocrx_word' id='word_1_356' title='bbox 933 3711 982 3744; x_wconf 89' lang='lat' dir='ltr'><strong>non</strong></span> <span class='ocrx_word' id='word_1_357' title='bbox 993 3701 1022 3744; x_wconf 91' lang='lat' dir='ltr'><strong>ut</strong></span> <span class='ocrx_word' id='word_1_358' title='bbox 1033 3701 1147 3757; x_wconf 86' lang='lat' dir='ltr'><strong>pastores</strong></span> 
     </span>
     <span class='ocr_line' id='line_1_44' title="bbox 199 3765 1147 3830; baseline -0.003 -12"><span class='ocrx_word' id='word_1_359' title='bbox 199 3769 334 3830; x_wconf 82' lang='lat' dir='ltr'><strong>privilegia</strong></span> <span class='ocrx_word' id='word_1_360' title='bbox 347 3769 403 3829; x_wconf 89' lang='lat' dir='ltr'><strong>ipso</strong></span> <span class='ocrx_word' id='word_1_361' title='bbox 419 3769 475 3816; x_wconf 91' lang='lat' dir='ltr'><strong>loco</strong></span> <span class='ocrx_word' id='word_1_362' title='bbox 487 3767 598 3815; x_wconf 79' lang='lat' dir='ltr'><strong>conterre</strong></span> <span class='ocrx_word' id='word_1_363' title='bbox 609 3765 661 3814; x_wconf 89' lang='lat' dir='ltr'><strong>dis·</strong></span> <span class='ocrx_word' id='word_1_364' title='bbox 686 3779 732 3826; x_wconf 88' lang='lat' dir='ltr'><strong>per</strong></span> <span class='ocrx_word' id='word_1_365' title='bbox 742 3767 835 3814; x_wconf 88' lang='lat' dir='ltr'><strong>ostium</strong></span> <span class='ocrx_word' id='word_1_366' title='bbox 854 3767 956 3826; x_wconf 87' lang='lat' dir='ltr'><strong>intrare,</strong></span> <span class='ocrx_word' id='word_1_367' title='bbox 968 3767 1013 3814; x_wconf 93' lang='lat' dir='ltr'><strong>sed</strong></span> <span class='ocrx_word' id='word_1_368' title='bbox 1030 3770 1060 3814; x_wconf 92' lang='lat' dir='ltr'><strong>ut</strong></span> <span class='ocrx_word' id='word_1_369' title='bbox 1077 3765 1147 3816; x_wconf 84' lang='lat' dir='ltr'><strong>fures</strong></span> 
     </span>
     <span class='ocr_line' id='line_1_45' title="bbox 200 3835 1146 3900; baseline -0.002 -13"><span class='ocrx_word' id='word_1_370' title='bbox 200 3839 296 3900; x_wconf 88' lang='lat' dir='ltr'><strong>posuit,</strong></span> <span class='ocrx_word' id='word_1_371' title='bbox 316 3839 408 3887; x_wconf 92' lang='lat' dir='ltr'><strong>lituum</strong></span> <span class='ocrx_word' id='word_1_372' title='bbox 435 3837 564 3897; x_wconf 90' lang='lat' dir='ltr'><strong>proprium</strong></span> <span class='ocrx_word' id='word_1_373' title='bbox 586 3837 660 3884; x_wconf 91' lang='lat' dir='ltr'><strong>ebore</strong></span> <span class='ocrx_word' id='word_1_374' title='bbox 686 3837 711 3882; x_wconf 89' lang='lat' dir='ltr'><strong>ot</strong></span> <span class='ocrx_word' id='word_1_375' title='bbox 726 3835 836 3884; x_wconf 85' lang='lat' dir='ltr'><strong>latrones</strong></span> <span class='ocrx_word' id='word_1_376' title='bbox 851 3835 878 3882; x_wconf 92' lang='lat' dir='ltr'><strong>in</strong></span> <span class='ocrx_word' id='word_1_377' title='bbox 895 3836 962 3883; x_wconf 92' lang='lat' dir='ltr'><strong>idem</strong></span> <span class='ocrx_word' id='word_1_378' title='bbox 974 3835 1039 3883; x_wconf 82' lang='lat' dir='ltr'><strong>ovile</strong></span> <span class='ocrx_word' id='word_1_379' title='bbox 1051 3841 1146 3886; x_wconf 85' lang='lat' dir='ltr'><strong>sanctae</strong></span> 
     </span>
     <span class='ocr_line' id='line_1_46' title="bbox 200 3904 1147 3967; baseline -0.003 -11"><span class='ocrx_word' id='word_1_380' title='bbox 200 3908 376 3957; x_wconf 89' lang='lat' dir='ltr'><strong>decentissime</strong></span> <span class='ocrx_word' id='word_1_381' title='bbox 394 3907 537 3967; x_wconf 85' lang='lat' dir='ltr'><strong>formatum,</strong></span> <span class='ocrx_word' id='word_1_382' title='bbox 547 3919 660 3966; x_wconf 89' lang='lat' dir='ltr'><strong>auroque</strong></span> <span class='ocrx_word' id='word_1_383' title='bbox 686 3904 778 3954; x_wconf 83' lang='lat' dir='ltr'><strong>Mariae</strong></span> <span class='ocrx_word' id='word_1_384' title='bbox 797 3905 901 3954; x_wconf 86' lang='lat' dir='ltr'><strong>aliunde</strong></span> <span class='ocrx_word' id='word_1_385' title='bbox 920 3908 1039 3966; x_wconf 84' lang='lat' dir='ltr'><strong>quaerunt</strong></span> <span class='ocrx_word' id='word_1_386' title='bbox 1057 3907 1147 3954; x_wconf 87' lang='lat' dir='ltr'><strong>irrum-</strong></span> 
     </span>
     <span class='ocr_line' id='line_1_47' title="bbox 200 3976 753 4038; baseline -0.007 -12"><span class='ocrx_word' id='word_1_387' title='bbox 200 3977 356 4036; x_wconf 86' lang='lat' dir='ltr'><strong>deooratum,</strong></span> <span class='ocrx_word' id='word_1_388' title='bbox 375 3991 452 4038; x_wconf 90' lang='lat' dir='ltr'><strong>super</strong></span> <span class='ocrx_word' id='word_1_389' title='bbox 468 3976 547 4024; x_wconf 88' lang='lat' dir='ltr'><strong>altare</strong></span> <span class='ocrx_word' id='word_1_390' title='bbox 565 3979 659 4024; x_wconf 85' lang='lat' dir='ltr'><strong>sanotae</strong></span> <span class='ocrx_word' id='word_1_391' title='bbox 684 3987 753 4033; x_wconf 88' lang='lat' dir='ltr'><strong>pere.</strong></span> 
     </span>
    </p>

    <p class='ocr_par' dir='ltr' id='par_1_6' title="bbox 199 4043 1149 4317">
     <span class='ocr_line' id='line_1_48' title="bbox 199 4043 1148 4108; baseline -0.005 -12"><span class='ocrx_word' id='word_1_392' title='bbox 199 4047 252 4096; x_wconf 91' lang='lat' dir='ltr'><strong>Dei</strong></span> <span class='ocrx_word' id='word_1_393' title='bbox 267 4047 396 4108; x_wconf 81' lang='lat' dir='ltr'><strong>genitricis</strong></span> <span class='ocrx_word' id='word_1_394' title='bbox 411 4046 510 4108; x_wconf 76' lang='lat' dir='ltr'><strong>posuit3</strong></span> <span class='ocrx_word' id='word_1_395' title='bbox 527 4045 659 4105; x_wconf 90' lang='lat' dir='ltr'><strong>ipsiusque</strong></span> <span class='ocrx_word' id='word_1_396' title='bbox 720 4043 727 4070; x_wconf 89' lang='lat'>‘</span> <span class='ocrx_word' id='word_1_397' title='bbox 743 4043 878 4091; x_wconf 85' lang='lat' dir='ltr'><strong>“Noverit</strong></span> <span class='ocrx_word' id='word_1_398' title='bbox 894 4047 1042 4091; x_wconf 85' lang='lat' dir='ltr'><strong>cunctorum</strong></span> <span class='ocrx_word' id='word_1_399' title='bbox 1058 4044 1148 4091; x_wconf 89' lang='lat' dir='ltr'><strong>notitia</strong></span> 
     </span>
     <span class='ocr_line' id='line_1_49' title="bbox 199 4111 1148 4175; baseline -0.005 -10"><span class='ocrx_word' id='word_1_400' title='bbox 199 4117 333 4166; x_wconf 89' lang='lat' dir='ltr'><strong>donatione</strong></span> <span class='ocrx_word' id='word_1_401' title='bbox 344 4115 427 4168; x_wconf 86' lang='lat' dir='ltr'><strong>eidem</strong></span> <span class='ocrx_word' id='word_1_402' title='bbox 443 4119 537 4163; x_wconf 83' lang='lat' dir='ltr'><strong>sanctas</strong></span> <span class='ocrx_word' id='word_1_403' title='bbox 550 4114 601 4162; x_wconf 88' lang='lat' dir='ltr'><strong>Dei</strong></span> <span class='ocrx_word' id='word_1_404' title='bbox 618 4128 660 4175; x_wconf 83' lang='lat' dir='ltr'><strong>ge·</strong></span> <span class='ocrx_word' id='word_1_405' title='bbox 686 4111 797 4160; x_wconf 88' lang='lat' dir='ltr'><strong>fidelium</strong></span> <span class='ocrx_word' id='word_1_406' title='bbox 815 4112 883 4174; x_wconf 92' lang='lat' dir='ltr'><strong>quod</strong></span> <span class='ocrx_word' id='word_1_407' title='bbox 899 4127 947 4174; x_wconf 84' lang='lat' dir='ltr'><strong>ego</strong></span> <span class='ocrx_word' id='word_1_408' title='bbox 958 4112 1097 4174; x_wconf 86' lang='lat' dir='ltr'><strong>Johannes,</strong></span> <span class='ocrx_word' id='word_1_409' title='bbox 1110 4113 1148 4173; x_wconf 92' lang='lat' dir='ltr'><strong>pii</strong></span> 
     </span>
     <span class='ocr_line' id='line_1_50' title="bbox 199 4179 1149 4243; baseline -0.004 -9"><span class='ocrx_word' id='word_1_410' title='bbox 199 4187 282 4235; x_wconf 85' lang='lat' dir='ltr'><strong>uitrici</strong></span> <span class='ocrx_word' id='word_1_411' title='bbox 300 4201 330 4236; x_wconf 90' lang='lat' dir='ltr'><strong>ao</strong></span> <span class='ocrx_word' id='word_1_412' title='bbox 348 4186 402 4234; x_wconf 89' lang='lat' dir='ltr'><strong>suis</strong></span> <span class='ocrx_word' id='word_1_413' title='bbox 418 4184 547 4232; x_wconf 90' lang='lat' dir='ltr'><strong>monachis</strong></span> <span class='ocrx_word' id='word_1_414' title='bbox 563 4198 594 4232; x_wconf 91' lang='lat' dir='ltr'><strong>ea</strong></span> <span class='ocrx_word' id='word_1_415' title='bbox 604 4197 661 4243; x_wconf 89' lang='lat' dir='ltr'><strong>per·</strong></span> <span class='ocrx_word' id='word_1_416' title='bbox 686 4179 831 4231; x_wconf 85' lang='lat' dir='ltr'><strong>Conditoris</strong></span> <span class='ocrx_word' id='word_1_417' title='bbox 847 4182 980 4231; x_wconf 85' lang='lat' dir='ltr'><strong>elementia</strong></span> <span class='ocrx_word' id='word_1_418' title='bbox 991 4186 1086 4230; x_wconf 85' lang='lat' dir='ltr'><strong>sanctae</strong></span> <span class='ocrx_word' id='word_1_419' title='bbox 1097 4181 1149 4230; x_wconf 88' lang='lat' dir='ltr'><strong>Ro·</strong></span> 
     </span>
     <span class='ocr_line' id='line_1_51' title="bbox 200 4251 1148 4317; baseline -0.005 -12"><span class='ocrx_word' id='word_1_420' title='bbox 200 4257 335 4317; x_wconf 87' lang='lat' dir='ltr'><strong>petualiter</strong></span> <span class='ocrx_word' id='word_1_421' title='bbox 361 4254 515 4317; x_wconf 86' lang='lat' dir='ltr'><strong>possidenda</strong></span> <span class='ocrx_word' id='word_1_422' title='bbox 537 4254 659 4302; x_wconf 88' lang='lat' dir='ltr'><strong>attribuit.</strong></span> <span class='ocrx_word' id='word_1_423' title='bbox 685 4265 767 4300; x_wconf 87' lang='lat' dir='ltr'><strong>mauae</strong></span> <span class='ocrx_word' id='word_1_424' title='bbox 795 4252 864 4302; x_wconf 84' lang='lat' dir='ltr'><strong>sedis</strong></span> <span class='ocrx_word' id='word_1_425' title='bbox 891 4253 1003 4301; x_wconf 85' lang='lat' dir='ltr'><strong>existens</strong></span> <span class='ocrx_word' id='word_1_426' title='bbox 1028 4251 1148 4312; x_wconf 84' lang='lat' dir='ltr'><strong>indignus</strong></span> 
     </span>
    </p>
   </div>
   <div class='ocr_carea' id='block_1_6' title="bbox 974 4342 997 4388">
    <p class='ocr_par' dir='ltr' id='par_1_7' title="bbox 974 4342 997 4388">
     <span class='ocr_line' id='line_1_52' title="bbox 974 4342 997 4388; baseline 0 0"><span class='ocrx_word' id='word_1_427' title='bbox 974 4342 997 4388; x_wconf 85' lang='lat' dir='ltr'>R</span> 
     </span>
    </p>
   </div>
   <div class='ocr_carea' id='block_1_7' title="bbox 0 0 1568 4976">
    <p class='ocr_par' dir='ltr' id='par_1_8' title="bbox 0 0 1568 4976">
     <span class='ocr_line' id='line_1_53' title="bbox 0 0 1568 4976; baseline 0 4"><span class='ocrx_word' id='word_1_428' title='bbox 0 0 1568 4976; x_wconf 95' lang='lat' dir='ltr'><strong> </strong></span> 
     </span>
    </p>
   </div>
  </div>
 </body>
</html>
