3106 4974
360 465 408 533 82
580 477 693 534 ousrx
717 475 843 527 nuncu
868 474 1083 522 rucuonuu.
1183 459 1270 540 [mn.
1288 476 1317 522 1.·
1337 534 1342 546 Ι

363 631 373 722 Ἰ
379 635 591 700 monasteria
606 633 733 698 ibidem
749 633 959 710 construxit,
977 633 1124 696 alterum
1140 631 1249 708 Petri,
1261 633 1316 695 al··

363 743 475 800 terum
498 734 602 798 Pauli
629 732 779 810 nomine,
806 733 964 797 caritatis
982 739 1018 795 et
1036 732 1167 813 regulae
1187 733 1313 794 unione

363 855 432 898 non
449 834 694 916 discrepantia.
747 832 866 916 Hujus
889 832 1095 895 industriam
1118 838 1153 895 et
1178 831 1313 913 patien-

364 934 450 998 tiam
485 933 667 996 mirabitur
694 933 754 1014 qui
784 933 878 1013 leget
908 925 1052 995 ²librum
1083 950 1185 1013 quem
1217 930 1314 993 Beda

364 1033 560 1116 composuit
583 1033 722 1096 devita
748 1030 824 1114 ejus
852 1038 888 1094 et
912 1031 1124 1112 reliquorum
1150 1032 1315 1093 abbatum

365 1151 518 1196 suorum.
588 1130 812 1207 Industriam,
855 1129 947 1212 quod
981 1131 1117 1211 copiam
1150 1130 1315 1192 librorum

366 1231 560 1307 advexerit,
591 1231 683 1313 quod
710 1229 860 1293 artifices
886 1229 1101 1312 lapidearum
1127 1227 1253 1292 aedium
1280 1236 1316 1293 et

366 1331 555 1395 vitrearum
572 1331 800 1394 fenestrarum
820 1329 952 1412 primus
981 1329 1133 1391 omnium
1150 1327 1316 1410 Angliam

366 1430 541 1509 asciverit,
569 1437 681 1494 totum
705 1448 793 1511 pene
809 1421 945 1494 laevum
973 1428 1197 1509 transigendo
1219 1447 1320 1510 pere-

367 1530 553 1611 grinatum
606 1530 734 1611 quippe
776 1528 892 1592 studio
926 1527 1119 1591 advehendi
1159 1527 1318 1608 cognatis

367 1629 508 1712 aliquod
532 1628 710 1691 insolitum
736 1639 834 1690 amor
858 1627 982 1708 patriae
1008 1634 1044 1691 et
1068 1627 1232 1708 voluptas
1249 1627 1318 1689 ele-

368 1728 497 1808 gantiae
519 1745 664 1809 ,asperos
698 1726 865 1790 fallebant
897 1726 1054 1791 labores:
1088 1746 1199 1808 neque
1227 1727 1318 1789 enim

369 1833 451 1912 ante
485 1826 711 1890 Benedictum
745 1826 874 1908 lapidei
910 1826 1088 1888 tabulatus
1127 1826 1249 1890 domus
1281 1827 1319 1888 in

369 1925 554 1989 Britannia
582 1925 650 1986 nisi
679 1944 821 2007 perraro
850 1925 1068 2002 videbantur,
1098 1945 1210 2008 neque
1241 1945 1320 2007 per-

370 2025 556 2106 spicuitate.
581 2025 665 2088 vitri
688 2031 872 2107 penetrata
897 2024 1009 2088 lucem
1035 2024 1167 2088 aedibus
1195 2024 1319 2088 solaris

366 2123 521 2207 jaciebat
537 2122 667 2188 radius.
719 2124 943 2201 Patientiam,
955 2124 1048 2205 quod
1057 2125 1093 2186 in
1102 2124 1321 2206 possessione

371 2223 521 2310 coenobii
554 2223 666 2286 sancti
690 2220 880 2304 Augustini
905 2224 998 2305 apud
1025 2223 1251 2287 cantuariam
1278 2223 1323 2300 li—

371 2323 493 2408 benter
508 2322 660 2385 venienti
676 2315 852 2392 *Adnano
876 2323 1032 2400 cesserit,
1055 2342 1125 2385 non
1151 2323 1320 2387 reveritus

372 2422 467 2486 beati
500 2420 675 2484 Theodori
706 2421 957 2504 archiepiscopi
988 2422 1222 2504 supercilium,
1261 2423 1322 2490 sed

372 2528 557 2602 veneratus
576 2520 827 2601 magisterium.
879 2520 994 2599 Quod,
1012 2522 1093 2584 dum
1110 2541 1173 2604 per
1189 2521 1322 2584 alienas

373 2627 485 2684 terras
519 2620 666 2684 cursitat
699 2620 758 2683 diu
794 2622 932 2699 absens,
967 2620 1281 2684 subintroductam-v
1299 2640 1324 2684 a

373 2707 551 2786 monachis
584 2720 815 2796 Wirensibus,
849 2739 887 2783 se
920 2720 1129 2797 inconsulte,
1163 2722 1323 2785 abbatem

373 2820 625 2902 aequanimiter,
647 2819 752 2882 immo
785 2819 1063 2901 magnanimiter,
1097 2818 1227 2897 tulerit,
1262 2821 1325 2884 d0-.¹

373 2911 535 2999 mumque
560 2938 719 2981 reversus
744 2919 890 3001 parilem
915 2919 967 2983 illi
991 2917 1156 2983 honorem
1181 2917 1217 2982 in
1242 2940 1323 2984 cons

374 3035 473 3080 sessu
497 3018 533 3079 in
560 3017 653 3080 omni
678 3038 782 3100 porro
808 3025 982 3101 potestate
1008 3019 1323 3107 communicaverit,

375 3115 470 3202 ¹Quin
482 3122 517 3199 et
527 3117 617 3179 ictus
635 3117 789 3200 paralysi
806 3123 878 3182 tam
895 3118 1010 3182 valide
1027 3127 1067 3183 ut
1083 3119 1169 3181 nihil
1186 3126 1325 3182 artuum

375 3216 406 3277 ei
424 3222 516 3278 esset
533 3214 697 3293 flexibile,
714 3216 854 3280 tertium
870 3218 1101 3295 constituerit,
1117 3218 1210 3300 quod
1224 3219 1324 3296 alter,
1340 3226 1343 3231 '

374 3312 417 3404 de
434 3333 503 3396 quo
520 3313 684 3391 diximus,
703 3314 822 3378 eadem
845 3321 914 3379 non
936 3317 1055 3385 mitius
1077 3317 1326 3400 decoqueretur

373 3407 585 3480 valetudine.
653 3413 809 3496 Cumque
847 3417 986 3479 morbus
1026 3416 1221 3481 increscens
1249 3417 1325 3500 jam

373 3585 459 3630 retum
469 3583 495 3627 to
507 3581 625 3642 England
635 3581 667 3629 he
683 3582 802 3631 obtained
820 3598 837 3631 a
860 3576 979 3650 suorum]
1000 3582 1072 3631 Beda
1082 3588 1161 3632 wrote
1172 3584 1214 3633 the
1225 3584 1289 3634 lives
1300 3585 1329 3634 of
1339 3601 1345 3609 ·

374 3650 546 3698 considerable
552 3651 668 3710 quantity
674 3651 703 3699 of
709 3652 770 3699 laud
776 3667 838 3701 near
862 3651 986 3700 Benedict
996 3652 1091 3714 Biscop
1102 3654 1153 3702 and
1168 3655 1208 3702 bie
1225 3669 1326 3704 succes·

373 3719 416 3765 the
426 3718 513 3764 mouth
523 3718 552 3766 oi
560 3719 602 3766 the
612 3719 699 3779 Wear,
708 3720 794 3770 where
805 3721 837 3770 he
861 3735 925 3783 sors,
947 3721 1072 3771 Geolfn'th
1089 3723 1140 3771 and
1158 3725 1327 3783 Huaetberbt,

373 3785 486 3834 builtthe
494 3791 546 3835 two
554 3789 749 3837 monasteriesoi
753 3790 837 3840 which
861 3792 950 3839 abbots
968 3791 998 3839 of
1013 3792 1177 3841 Wearmouth
1202 3794 1252 3840 aud
1268 3795 1327 3844 Jar·

374 3855 409 3904 he·
427 3869 482 3904 was
505 3857 590 3909 abbot.
636 3857 678 3906 He
698 3859 758 3906 died
778 3860 836 3908 leth
861 3875 923 3922 rou,
938 3861 964 3908 in
975 3865 1027 3909 two
1037 3862 1133 3923 books3
1150 3863 1330 3924 publishedby'

373 3925 555 3986 Ianuar-vobo.
862 3930 903 3978 Sir
912 3931 1001 3980 James
1011 3931 1088 3980 Ware
1098 3932 1125 3979 in
1137 3936 1211 3994 1664,
1226 3934 1277 3981 and
1293 3934 1328 3994 by

378 4031 383 4042 .
409 3992 837 4061 ¹Monuateriaibidemconstruxit.]
863 4000 910 4048 Dr.
922 3999 1002 4048 Smith
1014 4001 1040 4048 in
1052 4005 1125 4051 1⁷22.
1311 4007 1312 4014 ’

373 4062 427 4114 'l'he
445 4067 608 4116 monasteries
625 4066 836 4136 oiWearmouth
897 4065 1030 4136 ³AEcam.]
1055 4071 1101 4129 E.;
1127 4070 1192 4120 aiter
1209 4070 1331 4135 ‘aevum'

374 4135 543 4186 andJarrovv.
621 4169 623 4172 -
862 4138 1286 4192 A.S.G.D.L.M.read‘talia.'

408 4200 532 4254 'Librum
542 4221 611 4268 quem
622 4207 691 4254 Beda
707 4206 837 4270 conposuit
897 4205 908 4234 ⁴
918 4206 1049 4272 Adriano]
1067 4210 1115 4259 See
1132 4216 1215 4272 antea,
1234 4216 1292 4262 note
1301 4209 1328 4274 ἃ,

374 4274 465 4320 devito
475 4275 558 4334 ejuret
569 4276 714 4337 reliquorum
725 4277 837 4325 wiotum
861 4292 885 4337 p.
900 4281 941 4326 21.
1271 4302 1274 4308 ·
