3106 4974
55 495 58 536 1'
132 489 260 568 maa]
363 505 476 554 casm
503 505 630 554 arcun
654 505 869 554 succorum
1045 485 1089 552 ll

134 660 184 723 nit
207 661 432 725 Britanniam
454 680 588 738 manus,
616 679 726 743 parva
749 662 900 745 quidem,
926 661 987 724 sed
1012 679 1090 743 quae

135 761 350 842 paucitatem
368 781 468 824 suam
492 755 637 825 ¹virtute
659 761 808 839 fulciret,
829 761 974 826 ducibus
990 760 1090 824 Hen·
1103 779 1250 830 aarum

137 861 228 940 gisto
252 868 290 924 et
314 860 423 936 HorS,
449 861 637 926 commodae
660 862 787 925 indolis
807 861 985 937 fratribus,
998 859 1091 924 haud
1105 831 1168 872 Μ

137 961 286 1024 obscura
313 960 421 1042 stirpe
444 961 536 1042 apud
563 981 645 1025 suos
669 961 842 1026 oriundis:
877 967 976 1027 erant
998 959 1092 1024 enim

137 1059 329 1141 abnepotes
366 1059 459 1122 illius
495 1060 725 1142 antiquissimi
756 1061 904 1135 woden,
943 1059 986 1122 de
1022 1079 1092 1142 quo

138 1160 293 1222 omniurn
306 1178 393 1241 pene
407 1161 632 1222 barbararum
654 1161 809 1241 gentium
825 1159 960 1242 regium
981 1177 1091 1240 genus

138 1258 264 1324 lineam
294 1258 412 1334 trabit,
433 1278 602 1341 quemque
625 1267 746 1340 gentes
771 1258 966 1342 Anglorum
989 1257 1091 1322 deum

139 1376 212 1420 esse
237 1358 440 1435 delirantes,
466 1359 499 1422 ei
519 1366 681 1440 quartum
704 1358 795 1422 diem
817 1358 1034 1441 septimanae,
1055 1365 1091 1422 et

139 1464 279 1520 sextum
303 1458 405 1521 uxori
428 1476 499 1521 suaa
525 1458 636 1534 Freae,
661 1467 827 1541 perpetuo
850 1457 896 1521 ad
921 1456 986 1520 hoc
1003 1464 1092 1520 tern-

140 1576 202 1637 pus
231 1564 525 1621 consecraverunt
548 1557 742 1638 sacrilegio.
794 1557 838 1620 In
861 1555 985 1640 quibus
1008 1575 1092 1620 vero

139 1656 222 1719 locis
238 1656 434 1720 Britanniae
445 1654 552 1738 Angli
562 1658 618 1720 vel
628 1657 785 1721 Saxones
796 1657 853 1721 vel
866 1651 981 1720 ²lutae
990 1653 1090 1718 habi·

141 1756 309 1820 tationem
325 1756 538 1833 locaverunt,
553 1751 669 1820 ³Beda
680 1778 750 1822 non
769 1764 873 1821 tacet.
920 1755 1089 1820 Nostrum

140 1857 357 1942 propositum
369 1863 433 1933 est,
447 1856 606 1937 quamvis
620 1855 739 1921 affluat
753 1857 910 1932 materia,
925 1855 1006 1920 stilo
1020 1874 1098 1918 non.

140 1955 334 2037 indulgere,
348 1955 408 2018 sed
422 1962 556 2018 tantum
573 1957 767 2020 necessaria
781 1975 928 2040 quaeque
940 1955 1063 2020 libare.

191 2054 209 2138 §
226 2056 262 2118 6.
272 2048 518 2118 4Venientibus
539 2055 647 2136 igitur
660 2054 787 2138 Anglis
808 2056 960 2138 undique
974 2073 1094 2118 occur·

142 2173 217 2217 sum
233 2175 241 2218 ε
260 2174 282 2217 a
296 2174 377 2235 rege
390 2154 573 2236 impertitae
584 2155 719 2236 gratiae,
731 2174 753 2219 a
763 2156 892 2237 populo
900 2153 1027 2218 effusus
1042 2151 1094 2216 fa·

115 2318 118 2323 ,
141 2272 216 2331 vor,
234 2254 318 2317 data
329 2254 395 2317 fide
403 2261 625 2336 acceptaque,
634 2263 668 2319 et
679 2255 808 2318 tradita
817 2254 973 2317 Tanatos
981 2251 1096 2315 insula

141 2353 310 2417 incolatui
324 2372 441 2416 eorum
457 2355 674 2417 subventum.
720 2352 878 2418 Accessit
892 2360 928 2417 et
942 2359 1095 2434 pactum,
1109 2367 1169 2456 pap
1181 2366 1260 2456 plag!

143 2459 182 2515 ut
193 2453 246 2515 illi
260 2447 272 2483 ⁵
273 2453 405 2536 junctis
420 2453 623 2516 umbonibus
637 2454 780 2527 sudores
794 2472 875 2516 suos
890 2453 1012 2534 patriae
1032 2451 1096 2514 im·
1109 2422 1199 2508 dita
1216 2427 1228 2456 ⁹

144 2552 346 2632 penderent,
370 2553 540 2634 recepturi
561 2552 793 2616 emolumenta
815 2553 947 2615 militiae
973 2552 1018 2613 ab
1041 2549 1096 2612 his

145 2670 294 2733 quorum
315 2651 420 2714 saluti
433 2651 570 2732 vigilias
592 2651 856 2734 praetenderent.
909 2648 1105 2719 Paululum,

145 2751 180 2815 in
194 2751 308 2814 medio
322 2771 440 2826 morae,
455 2759 490 2815 et
510 2770 589 2815 ecce
604 2750 742 2815 Scottos
758 2749 996 2824 adventantes,
1011 2746 1097 2809 faci·

145 2849 240 2930 lique
253 2850 394 2931 negotio
405 2869 578 2934 cessuram
593 2850 657 2914 sibi
670 2857 709 2913 ut
723 2868 829 2931 supra
841 2848 994 2931 praedam
1003 2847 1097 2910 aesti-

147 2956 295 3026 manteS,
306 2947 414 3031 Angli
429 2949 598 3013 invadunt
610 2970 620 3013 τ
634 2950 685 3013 illi
700 2949 761 3014 vix
775 2949 857 3012 dum
868 2948 995 3012 collato
1010 2947 1097 3030 pede

147 3047 268 3129 sugam
280 3057 502 3130 componunt,
518 3048 707 3129 fugitantes
723 3067 828 3131 eques
841 3041 1097 3112 ⁰consecutusa

149 3154 251 3228 tergo
273 3148 406 3211 cecidit.
451 3148 508 3211 Sic
525 3168 593 3211 non
612 3149 718 3212 semel
736 3155 927 3211 certatum:
951 3165 1097 3227 cumque

148 3265 285 3328 semper
298 3247 444 3310 victoria
465 3248 674 3312 consentiret
690 3245 826 3329 Anglis,
850 3253 891 3310 ut
912 3247 984 3310 sere
1006 3245 1046 3309 fit
1062 3245 1099 3306 in

148 3348 252 3409 rebus
267 3347 475 3423 mortalium,
487 3353 522 3410 et
534 3347 610 3410 istis
625 3367 804 3411 successus
819 3345 976 3410 accendit
990 3344 1098 3407 auda·

150 3446 301 3520 ciam,'et
315 3445 384 3508 illis
401 3447 502 3509 timor
516 3446 603 3509 aluit
616 3447 792 3528 ignaviam
806 3466 815 3522 3
831 3464 940 3526 eoque
952 3462 1006 3506 res
1018 3461 1098 3525 pro·

149 3545 257 3607 cessit
264 3550 304 3606 ut
320 3544 403 3607 nihil
418 3545 529 3626 magis
545 3545 657 3609 Scotti
671 3565 776 3627 quam
790 3563 868 3608 curn
883 3540 1008 3623 Anglis
1024 3559 1097 3603 ma-

118 3704 122 3708 .
152 3663 218 3706 nus
233 3663 413 3708 conserere
428 3651 601 3709 caverent.
615 3695 618 3702 .

189 3879 197 3910 ¹
219 3881 339 3944 Virtute]
356 3881 384 3930 S.
403 3883 436 3930 E.
448 3881 496 3941 1..;
514 3883 614 3932 virtuti·
641 3885 822 3945 prineslleot
846 3883 978 3949 (Ebsfleet,
1005 3883 1031 3931 in
1058 3883 1101 3931 the

151 3954 210 4010 bus,
221 3951 256 4000 D.
265 3951 304 4000 M.
640 3950 852 4014 isleofThanet).
887 3952 1055 4000 Sanclrron.

188 4017 613 4102 'Jffoe·]⁰⁰tMl·(C⁰“·⁰¹²¹¹‘¹·
676 4050 1013 4114 saumatamuntaaar.
1027 4051 1101 4102 cn.
1192 4028 1195 4036 '

154 4087 434 4208 ‚xpffls‘wma’
552 4159 557 4170 ,
641 4121 716 4172 m.
737 4121 793 4180 M.;
815 4120 976 4184 umbonibus,
993 4121 1042 4183 Ε.;
1065 4121 1103 4170 in-

187 4233 219 4278 25
238 4175 250 4208 e
289 4174 335 4207 '⁸⁰²¹
347 4154 433 4226 tm]
448 4159 530 4220 Μὴ
540 4159 585 4208 hb·
595 4171 613 4207 ¹'
641 4193 713 4241 victis
726 4191 885 4253 umbonibus,
897 4189 926 4242 S.

152 4245 200 4328 ⁰⁰⁴
216 4263 373 4348 frementibus
394 4297 476 4359 igitur
498 4292 613 4365 dagam]
674 4287 868 4360 aemma]
888 4294 918 4344 c·
938 4293 974 4342 D·
994 4293 1027 4346 Eu
1048 4293 1105 4356 Μσὸ

154 4369 272 4430 Hergest
302 4367 352 4418 end
376 4367 445 4416 Hora
468 4367 561 4416 lauded
589 4372 616 4416 at
641 4365 779 4428 insecutus,
792 4364 824 4418 A.
838 4363 867 4413 S.
879 4362 910 4414 1..
1105 4389 1107 4398 ¹
