3112 4968
198 503 342 584 mn.11.]
417 519 531 568 nnsrr
554 518 681 566 nncuu
706 519 921 566 Ancnonuu.
1085 504 1150 568 345

200 680 312 760 magis
332 697 449 743 amore
467 697 570 760 quam
588 683 720 741 terrore
736 697 815 741 cum
833 676 1000 760 subjectis
1023 695 1148 759 agere3

199 779 438 861 delinquentes
467 778 547 860 plus
576 777 688 841 verbis
716 796 821 858 quam
844 777 1045 840 verberibus
1070 798 1149 860 pre-

200 897 313 957 mere3
337 878 461 941 urbani
484 897 506 940 a
524 877 785 959 peregrinorum
806 875 1040 953 infestatione,
1056 896 1078 939 a
1092 895 1149 940 ra-

199 978 283 1060 pina
304 996 493 1054 sacrorum,
509 982 697 1040 cessarent.
749 973 910 1039 Alterum
930 994 1006 1039 esse
1027 983 1150 1040 contra

200 1085 372 1153 naturam,
402 1085 442 1140 ut
472 1076 531 1139 ille
560 1076 620 1157 qui
648 1076 821 1139 communi
846 1081 1045 1139 vesceretur
1070 1095 1150 1139 aere

200 1197 270 1240 non
299 1177 472 1241 communi
497 1176 669 1238 frueretur
698 1193 806 1257 pace:
840 1173 1039 1238 Christiano
1061 1176 1151 1239 inter

202 1274 420 1340 Christianos
444 1275 564 1352 libere,
586 1294 655 1357 quo
681 1274 816 1352 liberet,
839 1274 1148 1356 progrediendum

200 1376 283 1438 dum
308 1394 426 1439 omnes
447 1376 518 1438 sint
538 1394 584 1438 ex
607 1394 677 1438 uno
702 1371 884 1450 famulitio,
902 1392 1020 1437 omnes
1045 1376 1149 1437 unius

201 1476 381 1556 sanguinis
412 1473 589 1558 conjuncti
622 1474 783 1556 coagulo,
819 1473 988 1556 redempti
1026 1475 1149 1555 pretio.

200 1572 361 1638 Alterum
379 1581 501 1638 contra
517 1573 586 1637 Dei
608 1573 785 1650 mandata,
801 1573 861 1654 qui
883 1573 1088 1655 praeceperit
1110 1579 1150 1636 ut

203 1674 263 1756 qui
286 1675 411 1738 altario
435 1674 633 1738 deserviunt
653 1674 697 1736 de
719 1672 844 1736 altario
865 1673 998 1736 vivant.
1052 1671 1149 1736 Prae-

202 1784 299 1837 terea
322 1775 462 1838 domum
482 1772 549 1836 Dei
567 1773 688 1836 decere
712 1791 787 1836 esse
809 1772 948 1835 domum
970 1773 1150 1849 orationiS,

201 1893 271 1937 non
293 1873 492 1957 speluncam
516 1872 703 1948 latronum,
725 1891 795 1935 non
817 1871 1047 1952 gladiatorum
1070 1891 1149 1935 con-

199 1974 423 2037 venticulum.
492 1970 738 2035 Permitterent
768 1971 962 2035 oblationes
996 1971 1032 2032 in
1066 1990 1149 2034 usus

201 2073 348 2136 transire
367 2071 670 2148 sacerdotumve]
694 2072 730 2133 in
752 2089 924 2153 expensas
946 2089 1148 2153 pauperum.

204 2170 430 2236 Provisurum
444 2190 482 2234 se
495 2170 564 2233 illis
581 2188 668 2252 quos
684 2177 821 2251 egestas
837 2170 880 2233 ad
896 2170 1037 2251 rapinas
1056 2188 1149 2234 com-

202 2272 358 2354 pelleret,
381 2279 422 2334 ut
445 2270 563 2351 aliquo
586 2268 731 2332 honesto
760 2267 872 2332 officio
899 2268 1022 2350 stipem
1046 2267 1150 2332 habe-

201 2378 298 2451 rent3
331 2389 419 2453 quos
450 2368 622 2452 cupiditas
652 2368 867 2448 exagitabat,
892 2368 959 2450 ipsi
982 2368 1059 2445 sibi,
1085 2388 1149 2450 pro

204 2470 272 2534 Dei
295 2471 418 2535 timore
447 2478 482 2533 et
514 2468 622 2532 seculi
651 2467 844 2544 honestate,
872 2467 1010 2531 modum
1042 2487 1148 2550 pone-

204 2575 293 2633 rent.
355 2569 541 2634 Invasores
573 2567 808 2631 ecclesiastici
826 2561 1023 2650 patrimonii
1051 2586 1149 2631 man·

204 2670 294 2734 datis
310 2677 345 2733 et
360 2668 516 2752 epistolis
538 2667 711 2743 invitavit,
727 2672 767 2729 ut
781 2676 843 2731 aut
856 2665 1009 2730 indebita
1028 2667 1149 2730 redde·

203 2775 292 2845 rent,
318 2776 380 2834 aut
405 2787 442 2832 se
461 2768 541 2851 jure
564 2766 626 2830 illa
649 2772 767 2829 tenere
789 2767 826 2828 in
848 2773 972 2829 senatu
989 2766 1149 2831 Romano

202 2869 401 2950 probarent.
453 2853 491 2930 Si
508 2872 668 2930 neutrum
687 2864 851 2942 facerent,
867 2865 1020 2929 ecclesiae
1043 2885 1149 2929 mem·

202 2969 267 3031 bra
281 2987 319 3031 se
334 2987 403 3031 non
416 2986 493 3030 esse
510 2957 770 3048 cognoscerent,
786 2966 846 3047 qui
868 2965 975 3047 capiti
994 2965 1148 3030 ecclesiae

201 3069 305 3132 beato
324 3067 443 3144 Petro,
466 3074 502 3130 et
525 3066 601 3149 ejus
616 3065 759 3142 vicario,
782 3064 1002 3128 resultarent.
1047 3064 1150 3128 Talia

200 3167 399 3249 frequenter
414 3166 650 3242 concionatus,
666 3170 728 3228 aut
745 3184 868 3248 parum
890 3171 952 3228 aut
966 3164 1147 3247 nihil'pro·

202 3267 333 3344 ficiens,
362 3265 592 3329 severioribus
621 3263 782 3329 remediis
811 3265 1004 3328 inveterato
1028 3265 1148 3328 morbo

201 3367 351 3430 tentavit
373 3383 562 3429 occurrere.
616 3363 779 3428 Cauterio
804 3364 923 3444 itaque
950 3374 1156 3427 excommu-'

201 3465 385 3528 nicationis
407 3482 526 3527 omnes
558 3463 601 3525 ab
627 3463 781 3527 ecclesiae
810 3471 954 3544 corpore
990 3461 1148 3539 removit,

200 3564 257 3628 rel
288 3565 347 3646 qui
374 3562 461 3626 talia
487 3561 652 3639 facerent,
684 3561 740 3626 vel
764 3561 824 3642 qui
852 3561 1035 3642 agentibus
1064 3580 1147 3624 con-

200 3664 294 3728 rivio
319 3663 376 3726 vel
402 3663 506 3726 etiam
535 3661 707 3744 colloquio
738 3661 994 3742 participarent.
1056 3659 1147 3724 Haec
1244 3685 1246 3689 ·

200 3763 258 3827 ille
274 3783 338 3846 pro
354 3781 418 3826 suo
431 3759 542 3825 officio
557 3761 643 3824 satis
665 3761 804 3843 agebat,
819 3760 879 3823 sed
898 3779 987 3842 pene
1008 3758 1044 3821 in
1067 3780 1146 3842 per-

202 3863 325 3926 niciem
348 3880 450 3926 versa
471 3860 660 3939 sedulitas3
691 3879 771 3923 nam
794 3866 834 3923 ut
855 3859 914 3942 ille
934 3859 1029 3936 dicit,
1052 3858 1145 3937 ‘Qui

199 4063 287 4144 ligni
300 4061 364 4138 illi,
372 4061 442 4124 levi
454 4060 687 4123 admonitione
696 4059 881 4142 perstricti,
890 4066 1012 4121 contra
1019 4056 1146 4135 furere,

200 4163 302 4226 minis
317 4180 420 4224 auras
438 4160 609 4236 territare,
624 4177 740 4222 muros
756 4159 851 4220 urbis
874 4157 978 4220 armis
1000 4158 1145 4220 circum-

200 4281 336 4339 sonare,
351 4261 438 4324 adeo
456 4267 495 4324 ut
516 4279 604 4342 pene
624 4278 751 4341 papam
772 4258 1019 4321 interimerent.
1072 4256 1146 4320 lta·
