3112 4968
406 462 472 526 302
622 476 735 523 cnsrn
759 474 886 522 nncuu
910 473 1124 522 suenonuu.
1218 461 1302 542 [mn.
1320 475 1366 524 11.

406 635 614 716 interempti.
667 631 723 696 Ibi
745 631 861 696 Cnuto
880 630 1030 712 'regnum
1057 632 1287 714 expugnavit,
1310 632 1359 696 ibi

407 753 508 798 omne
530 734 635 796 decus
651 730 791 812 Angliae
813 730 985 805 occubuit,
1001 729 1049 792 ibi
1071 728 1135 793 fios
1158 731 1281 812 patriae
1304 738 1361 794 to·

407 840 465 897 tus
487 833 674 897 emarcuit:
706 831 797 893 inter
818 848 905 912 quos
928 827 1082 892 Ulkillus
1109 828 1360 912 Estanglorum

407 949 534 1008 comes,
558 937 761 1013 perpetuam
778 929 854 1013 jam
876 928 1004 992 samam
1032 929 1177 991 meritus
1203 935 1359 1010 tempore

407 1029 537 1107 Swani,
557 1029 709 1113 quando,
725 1029 856 1110 primus
878 1027 1030 1090 omnium
1046 1027 1179 1108 piratas
1199 1029 1359 1105 adorsus,

407 1148 505 1212 spem
517 1129 612 1192 dedit
624 1147 727 1210 posse
741 1127 820 1192 illos
836 1125 994 1209 superari
1004 1146 1015 1205 3
1033 1132 1068 1189 et
1086 1119 1263 1208 ¹praecipui
1274 1135 1359 1191 tunc

407 1229 487 1305 viri,
503 1228 647 1292 abbates
668 1234 705 1291 et
727 1225 891 1308 episcopi.
944 1224 1159 1300 Edmundus,
1175 1225 1255 1289 inde
1266 1245 1358 1308 pene

310 1336 315 1349 '
408 1327 503 1392 solus
524 1327 647 1409 pedem
668 1325 832 1401 referens,
856 1323 1095 1388 Glcecestram
1118 1324 1227 1400 venit,
1248 1332 1288 1389 ut
1309 1325 1359 1388 ibi

408 1426 602 1490 recollectis
617 1426 747 1490 viribus
762 1425 879 1489 hostes
901 1423 1031 1497 recenti
1047 1421 1194 1486 victoria
1215 1422 1361 1500 otiosos,

409 1526 501 1590 sicut
525 1525 683 1607 putabat,
712 1523 969 1605 aggrederetur.
1023 1521 1099 1585 Nec
1122 1520 1274 1585 cnutoni
1295 1541 1359 1586 au-

409 1624 511 1687 dacia
535 1623 643 1688 defuit
665 1624 750 1705 quin
773 1623 962 1703 fugientem
983 1621 1235 1702 insequeretur.
1288 1621 1359 1698 Ita,

410 1742 489 1786 cum
510 1723 646 1786 infestis
662 1723 772 1803 signis
794 1721 1043 1797 constitissent,
1062 1719 1265 1783 Edmundus
1286 1721 1359 1784 sin-

410 1822 567 1902 gularem
583 1839 737 1904 pugnam
759 1821 873 1902 petiit,
888 1839 932 1883 ne
949 1819 1018 1882 duo
1034 1818 1233 1883 homunculi
1254 1839 1362 1902 prop-

410 1925 464 1982 ter
489 1920 711 1984 ambitionem
736 1917 905 2000 regnandi
937 1925 991 1982 tot
1016 1917 1250 2002 subjectorum
1279 1937 1362 1982 san-

411 2019 516 2099 guine
544 2019 778 2100 culparentur,
803 2037 881 2080 cum
908 2023 1052 2099 possent
1081 2017 1155 2080 sine
1181 2017 1362 2099 dispendio

412 2116 563 2181 fidelium
594 2137 737 2181 suorum
766 2116 942 2180 fortunam
973 2115 1134 2198 experiri.
1190 2113 1361 2197 Magnam

411 2217 566 2282 utrilibet
593 2216 729 2280 laudem
761 2216 925 2292 suturam,
954 2216 1015 2297 qui
1047 2233 1111 2279 suo
1142 2215 1362 2298 potissimum

411 2316 565 2398 periculo
597 2322 733 2380 tantum
761 2333 906 2396 regnum
938 2314 1206 2378 nancisceretur.
1271 2313 1364 2378 Haec

413 2433 492 2480 cum
524 2413 677 2479 cnutoni
705 2415 1003 2489 renunciarentur,
1040 2412 1162 2477 abnuit
1195 2431 1361 2496 prorsus;

413 2513 657 2601 pronuncians,
689 2514 804 2576 animo
839 2532 877 2576 se
907 2513 1046 2594 quidem
1078 2510 1260 2589 excellere,
1301 2513 1363 2576 sed

413 2619 535 2676 contra
559 2620 631 2677 tam
657 2612 808 2694 ingentis
835 2611 935 2675 molis
958 2605 1130 2674 hominem
1158 2611 1363 2693 corpusculo

413 2710 586 2776 diffidere:
620 2731 752 2788 verum,
778 2711 860 2792 quia
886 2711 987 2774 ambo
1013 2729 1083 2772 non
1107 2709 1259 2774 indebite
1283 2731 1364 2792 reg·

414 2830 497 2874 num
522 2810 713 2892 efflagitent
728 2809 820 2892 quod
839 2816 957 2891 patres
981 2809 1159 2872 amborum
1176 2810 1363 2887 tenuerint,

135 2939 143 2950 s
253 2931 394 2980 ragumun-
414 2911 597 2974 convcnire
619 2909 812 2991 prudentiae
834 2915 874 2970 ut
896 2907 1062 2989 depositis
1085 2909 1364 2972 animositatibus

252 2981 316 3021 video
324 2983 360 3021 be·

253 3031 387 3071 :nonnu-
412 3001 592 3088 ²Angliam
609 3009 816 3090 partiantur.
862 3005 1067 3088 Susceptum
1084 3014 1138 3070 est
1151 3006 1217 3070 hoc
1232 3007 1364 3070 dictum

253 3081 371 3170 &iiim
414 3108 457 3169 ab
481 3113 630 3189 utroque
651 3106 823 3182 exercitu,
851 3124 1047 3186 magnoque
1082 3125 1226 3170 assensu
1247 3105 1364 3170 firma·

413 3212 500 3281 tum,
522 3206 616 3287 quod
641 3212 677 3269 et
699 3203 858 3286 aequitati
885 3203 1149 3285 conquadraret,
1176 3212 1212 3269 et
1235 3211 1365 3268 morta

413 3304 497 3367 lium
512 3305 603 3386 paci,
617 3311 670 3369 tot
677 3303 824 3368 miseriis
840 3303 1121 3384 defatigatorum,
1133 3304 1267 3386 placide
1279 3323 1363 3368 con-

414 3405 554 3468 suleret.
607 3404 666 3469 Ita
689 3403 904 3479 Edmundus‚
931 3401 1085 3465 unanimi
1107 3403 1257 3466 clamore
1288 3423 1363 3466 om-

413 3504 509 3567 nium
541 3511 737 3586 superatus,
763 3501 955 3566 concordiae
986 3500 1151 3582 indulsit3
1181 3501 1364 3584 soedusque

414 3621 492 3666 cum
507 3602 667 3667 Cnutone
685 3601 870 3684 percussit,
893 3600 959 3664 sibi
975 3599 1298 3678 West·Saxoniam,
1311 3600 1366 3664 illi

450 3871 458 3901 ¹
470 3873 597 3938 Proecipui
609 3877 666 3924 tunc
676 3873 735 3934 virt,
746 3873 877 3924 abhoreret
936 3869 1241 3936 ²Aagliompcrticatar.]
1253 3874 1366 3930 Accord-

413 3943 539 4007 epiccopi]
552 3943 668 3991 Eadnotb
677 3942 766 4003 bishop
775 3940 804 3991 of
811 3941 877 3990 Dor·
900 3942 945 4004 ing
964 3947 990 3990 to
1008 3941 1051 3990 the
1069 3943 1155 3990 Saxon
1166 3941 1365 4004 damnietatis

414 4013 521 4076 chester,
542 4013 628 4062 Abbot
649 4013 777 4075 Wulsige,
801 4012 876 4061 Earls
900 4011 1011 4072 meeting
1026 4011 1140 4061 between
1152 4011 1220 4061 Cnut
1230 4013 1282 4061 and
1296 4013 1367 4062 Ead-

413 4083 521 4145 Aellric,
543 4082 678 4144 Godwine,
701 4083 751 4131 and
773 4081 877 4130 Aetbel-
900 4081 978 4130 mund
987 4081 1048 4129 took
1055 4081 1129 4142 place
1137 4081 1366 4144 atOlanege‚near

414 4153 511 4211 weard,
532 4167 575 4201 are
597 4152 652 4201 also
671 4151 762 4201 named
784 4165 876 4214 among
901 4149 1053 4213 Deerhurst,
1065 4150 1193 4200 anisland
1205 4167 1237 4200 on
1248 4151 1290 4201 the
1297 4153 1366 4201 river

414 4219 541 4272 tbeslain.
901 4220 1004 4270 Severn.
