3162 4972
206 467 275 514 nm.
292 449 335 530 1.]
441 462 556 510 casua
579 463 706 510 aucun
731 461 946 510 Asoponuu.
1098 445 1164 512 127

207 628 312 696 trum,
330 618 369 682 in
385 617 523 698 integro
542 614 654 700 ipsam
677 616 878 700 parochiam
898 636 1041 682 numero
1056 611 1162 683 ¹duo·

208 721 318 785 decim
329 720 432 782 beato
446 715 646 799 Augustino
660 717 814 800 syncello
829 735 893 780 suo
904 716 1163 801 archiepiscopo

210 819 405 896 tradidisse,
426 825 462 881 ct
483 816 704 881 confirmasse
726 817 906 899 episcopos
931 818 1164 882 consecrandi.

211 919 314 983 Unde
340 925 375 982 et
398 937 461 982 nos
484 915 648 1002 (veritate
669 918 746 1000 ipsa
768 913 935 1000 reperta).
949 918 1165 982 ordinatione

211 1039 273 1082 seu
297 1017 557 1082 confirmatione
587 1024 707 1081 nostra
735 1017 927 1100 apostolica
957 1018 1164 1082 auctoritate

212 1139 272 1182 eas
295 1119 347 1182 illi
369 1118 405 1181 in
425 1119 573 1198 integro,
589 1118 679 1181 sicut
701 1117 892 1199 antiquitus
916 1116 1067 1194 fuerunt,
1082 1138 1165 1182 con·

213 1220 396 1283 stimantes
422 1217 643 1293 reddidimus,
673 1224 709 1281 et
736 1216 955 1299 privilegium
983 1218 1165 1282 confirma·

214 1319 330 1395 tionis,
349 1317 536 1381 secundum
567 1336 744 1380 sacrorum
772 1336 942 1380 canonum
971 1337 1164 1396 censuram,

214 1418 368 1484 ecclesiae
384 1436 456 1480 suae
472 1416 725 1481 observandum
739 1417 965 1480 tradidimus!

266 1518 349 1602 §90.
374 1516 452 1581 Offa
466 1517 610 1594 interea,
632 1537 676 1580 ue
699 1516 764 1580 sibi
779 1517 892 1579 fraudi
906 1515 1019 1581 forent
1032 1517 1116 1580 dure
1131 1517 1166 1580 in
1179 1535 1226 1575 oa
1239 1533 1328 1573 manre,

214 1616 443 1702 provinciales
466 1617 629 1694 admissa,
657 1615 809 1698 undique
831 1617 960 1680 amicos
983 1636 1082 1698 reges
1107 1585 1329 1681 ve-ilittidit

216 1737 317 1794 nans,
333 1736 521 1800 pacemque
538 1715 740 1793 concilians,
753 1709 946 1780 ²Brithrico
961 1716 1036 1798 regi
1049 1716 1167 1781 West-
1179 1686 1303 1776 {diiii

215 1817 395 1881 Saxonum
416 1817 522 1880 filiam
539 1816 769 1896 Edelburgam
785 1823 929 1898 nuptum
945 1816 1051 1880 dedit.
1092 1815 1167 1879 Ka·

216 1917 326 1981 rolum
355 1935 520 1998 magnum
548 1936 665 1998 regem
696 1915 909 1980 Francorum
931 1916 1167 1998 frequentibus
1179 1936 1220 1998 up
1237 1936 1304 1986 amny

216 2017 445 2098 legationibus
469 2017 616 2080 amicum
638 2016 788 2099 paravit,
805 2017 963 2099 quamvis
985 2036 1055 2079 non
1069 1988 1330 2089 facilediinihffl*

217 2117 308 2199 quod
323 2117 395 2181 suis
413 2117 544 2181 artibus
566 2116 773 2180 conduceret
787 2115 824 2179 in
840 2115 965 2180 Karoli
979 2116 1094 2180 animo
1115 2117 1169 2179 in-

218 2217 373 2281 venerit:
408 2216 689 2281 discordaverant
711 2222 825 2292 antea,
856 2217 944 2280 adeo
965 2222 1005 2278 ut
1033 2216 1170 2298 magnis

218 2318 368 2380 motibus
383 2316 565 2399 utrobique
586 2315 880 2393 concurrentibus),
894 2316 998 2380 etiam
1014 2317 1170 2398 negotia·

219 2424 332 2481 torum
360 2424 572 2481 commeatus
594 2415 867 2498 prohiberentur.
918 2416 983 2480 Est
1005 2408 1170 2498 ³epistola

220 2514 351 2593 Albini,
367 2516 510 2600 hujusce
525 2517 575 2579 rei
588 2516 706 2593 index,
720 2515 819 2599 cujus
834 2522 968 2598 partem
983 2515 1039 2579 hic
1061 2535 1169 2599 appo-

220 2636 313 2693 nam,
338 2616 580 2680 documentum
603 2616 725 2697 ingens
743 2615 1039 2696 magnanimitatis
1052 2623 1087 2678 et
1100 2615 1170 2679 for-

220 2716 378 2780 titudinis
402 2715 538 2793 Karoli,
562 2716 623 2799 qui
649 2735 785 2778 omnem
810 2722 949 2779 aetatem
979 2715 1113 2780 triverit
1133 2715 1171 2778 in

220 2816 320 2879 bellis
334 2822 455 2880 contra
467 2834 625 2899 paganos
640 2814 717 2878 Deo
732 2814 887 2878 rebelles.

258 2915 339 2998 §91.
350 2908 553 2998 ‘⁴Antiqui,'
564 2915 689 2998 inquit,
701 2920 711 2948 ‘
721 2914 891 2991 Saxones,
905 2924 940 2979 et
955 2931 1073 2979 omnes
1086 2914 1170 2978 Fre·
1184 2932 1285 2979 rusus

221 3035 344 3079 sonum
358 3015 489 3098 populi,
501 3015 654 3080 instante
670 3035 751 3096 rege
762 3014 907 3092 Karolo,
921 3015 1007 3079 alios
1021 3015 1171 3098 praemiis
1183 2983 1314 3082 difflue·

221 3122 257 3178 et
278 3115 364 3180 alios
389 3115 490 3180 minis
513 3116 722 3192 solicitante,
746 3116 789 3179 ad
815 3115 917 3180 fidem
937 3115 1067 3180 Christi
1089 3084 1220 3180 con.²¹⁰·

221 3216 313 3280 versi
345 3222 449 3296 suut;
472 3216 534 3279 sed
558 3235 650 3279 anno
679 3222 858 3280 transacto
877 3215 968 3280 idem
993 3234 1056 3279 rex
1094 3235 1172 3279 cum

221 3316 377 3379 exercitu
396 3315 496 3379 irruit
511 3335 616 3398 super
630 3315 785 3391 Sclav0S,
800 3334 927 3397 eosque
949 3315 1086 3396 subegit
1100 3335 1172 3378 suae

222 3415 356 3479 ditioni.
407 3413 555 3492 Avares
570 3435 657 3497 quos
673 3434 736 3478 nos
750 3413 877 3478 Hunos
900 3415 1057 3490 dicimuS,
1071 3433 1172 3476 exar-

222 3521 343 3578 serunt
371 3514 407 3577 in
438 3515 590 3592 Italiam,
619 3522 666 3591 et,
692 3533 714 3576 a
739 3513 883 3577 ducibus
915 3513 1053 3595 praefati
1081 3513 1173 3594 regis

222 3611 430 3676 ¹Christianis
457 3615 623 3695 superati,
648 3613 787 3677 domum
810 3632 888 3675 cum
912 3611 1097 3694 opprobrio
1120 3631 1173 3674 re·

224 3875 226 3878 .
258 3831 434 3894 lacoraria]
451 3830 485 3882 A.
499 3832 528 3882 S.
546 3835 575 3883 C.
592 3835 626 3882 E.
638 3834 686 3896 L.;
712 3833 843 3901 (Veterum
860 3837 1031 3899 Epistularum
1055 3835 1175 3887 Hiberni-

222 3904 356 3954 duodecim
367 3902 553 3964 episcoporum,
565 3905 600 3952 D.
612 3905 651 3953 M.
712 3921 797 3954 aarum
809 3907 921 3970 Sylloge,
931 3911 981 3958 rto.
994 3908 1079 3969 Paris,
1088 3905 1174 3973 loca)

257 3971 406 4022 2Βνιίἱινὶοο
413 3972 468 4033 regi
479 3973 686 4023 Wcst·Saxoaum
711 3977 785 4037 epist.
804 3989 881 4028 xvnr.
899 3993 925 4039 p.
945 3981 986 4037 ³6,
1005 3979 1056 4025 aud
1070 3977 1174 4030 Alcuin.

215 4044 299 4109 filium
310 4042 476 4104 Edelburgem
483 4047 585 4107 acptum
595 4040 685 4113 cedia]
712 4044 763 4106 Op.
776 4052 836 4096 tom.
850 4060 868 4097 1.
881 4063 906 4109 p.
919 4051 943 4097 o.
956 4062 997 4108 ep.
1010 4059 1052 4096 111.

221 4115 268 4163 See
280 4117 337 4162 note
348 4110 367 4175 ⁶,
378 4128 405 4174 p.
416 4116 458 4162 59.

256 4182 391 4246 ³Epistolu
408 4182 518 4245 Altina]
535 4183 588 4232 The
603 4183 686 4234 whole
746 4181 873 4249 ⁴Aatipai
884 4186 1016 4250 Sarma]
1029 4188 1047 4238 i.
1060 4203 1082 4238 e.
1092 4187 1175 4236 West-

222 4254 252 4302 ol
259 4253 310 4303 this
317 4255 390 4304 letter
400 4253 423 4303 is
431 4254 532 4315 printed
538 4255 573 4314 by
580 4254 686 4318 Ussher,
709 4254 835 4315 phalians.
