<?xml version="1.0" encoding="UTF-8"?>
<!DOCTYPE html PUBLIC "-//W3C//DTD XHTML 1.0 Transitional//EN"
    "http://www.w3.org/TR/xhtml1/DTD/xhtml1-transitional.dtd">
<html xmlns="http://www.w3.org/1999/xhtml" xml:lang="en" lang="en">
 <head>
  <title>
</title>
<meta http-equiv="Content-Type" content="text/html;charset=utf-8" />
  <meta name='ocr-system' content='tesseract 3.04.00' />
  <meta name='ocr-capabilities' content='ocr_page ocr_carea ocr_par ocr_line ocrx_word'/>
</head>
<body>
  <div class='ocr_page' id='page_1' title='image "./willelmimalmesb00willgoog_0129.png"; bbox 0 0 3162 4972; ppageno 0'>
   <div class='ocr_carea' id='block_1_1' title="bbox 262 441 1223 523">
    <p class='ocr_par' dir='ltr' id='par_1_1' title="bbox 262 441 1223 523">
     <span class='ocr_line' id='line_1_1' title="bbox 262 441 1223 523; baseline 0.003 -18"><span class='ocrx_word' id='word_1_1' title='bbox 262 460 333 507; x_wconf 82' lang='lat' dir='ltr'>mn.</span> <span class='ocrx_word' id='word_1_2' title='bbox 350 441 393 523; x_wconf 89' lang='lat'>1.]</span> <span class='ocrx_word' id='word_1_3' title='bbox 486 459 600 507; x_wconf 72' lang='lat' dir='ltr'>orsus</span> <span class='ocrx_word' id='word_1_4' title='bbox 626 459 756 518; x_wconf 78' lang='lat' dir='ltr'>ancon</span> <span class='ocrx_word' id='word_1_5' title='bbox 784 459 996 507; x_wconf 75' lang='lat' dir='ltr'>nneuonuu.</span> <span class='ocrx_word' id='word_1_6' title='bbox 1158 442 1223 508; x_wconf 89' lang='grc'>113</span> 
     </span>
    </p>
   </div>
   <div class='ocr_carea' id='block_1_2' title="bbox 178 609 1220 3687">
    <p class='ocr_par' dir='ltr' id='par_1_2' title="bbox 178 609 1220 3687">
     <span class='ocr_line' id='line_1_2' title="bbox 263 609 1220 699; baseline 0.004 -21"><span class='ocrx_word' id='word_1_7' title='bbox 263 615 412 696; x_wconf 82' lang='lat' dir='ltr'>agimus.</span> <span class='ocrx_word' id='word_1_8' title='bbox 482 609 586 694; x_wconf 85' lang='lat' dir='ltr'>Quod</span> <span class='ocrx_word' id='word_1_9' title='bbox 627 638 710 682; x_wconf 89' lang='lat' dir='ltr'>vero</span> <span class='ocrx_word' id='word_1_10' title='bbox 742 612 935 699; x_wconf 85' lang='lat' dir='ltr'>legitimum</span> <span class='ocrx_word' id='word_1_11' title='bbox 949 609 1220 682; x_wconf 87' lang='lat' dir='ltr'>matrimonium</span> 
     </span>
     <span class='ocr_line' id='line_1_3' title="bbox 262 715 1219 798; baseline 0.006 -22"><span class='ocrx_word' id='word_1_12' title='bbox 262 715 411 796; x_wconf 88' lang='lat' dir='ltr'>spernis,</span> <span class='ocrx_word' id='word_1_13' title='bbox 427 715 457 778; x_wconf 92' lang='lat' dir='ltr'>si</span> <span class='ocrx_word' id='word_1_14' title='bbox 484 736 547 798; x_wconf 91' lang='lat' dir='ltr'>pro</span> <span class='ocrx_word' id='word_1_15' title='bbox 569 718 731 781; x_wconf 82' lang='lat' dir='ltr'>castitate</span> <span class='ocrx_word' id='word_1_16' title='bbox 755 717 899 794; x_wconf 83' lang='lat' dir='ltr'>faceres,</span> <span class='ocrx_word' id='word_1_17' title='bbox 916 723 1008 780; x_wconf 87' lang='lat' dir='ltr'>esset</span> <span class='ocrx_word' id='word_1_18' title='bbox 1024 717 1219 782; x_wconf 84' lang='lat' dir='ltr'>laudabile:</span> 
     </span>
     <span class='ocr_line' id='line_1_4' title="bbox 262 814 1219 897; baseline 0.006 -21"><span class='ocrx_word' id='word_1_19' title='bbox 262 814 323 877; x_wconf 88' lang='lat' dir='ltr'>sed</span> <span class='ocrx_word' id='word_1_20' title='bbox 351 815 435 897; x_wconf 90' lang='lat' dir='ltr'>quia</span> <span class='ocrx_word' id='word_1_21' title='bbox 460 815 497 878; x_wconf 92' lang='lat' dir='ltr'>in</span> <span class='ocrx_word' id='word_1_22' title='bbox 527 816 668 881; x_wconf 85' lang='lat' dir='ltr'>luxuria</span> <span class='ocrx_word' id='word_1_23' title='bbox 692 818 785 881; x_wconf 89' lang='lat' dir='ltr'>etin</span> <span class='ocrx_word' id='word_1_24' title='bbox 809 817 980 881; x_wconf 87' lang='lat' dir='ltr'>adulterio</span> <span class='ocrx_word' id='word_1_25' title='bbox 1004 817 1109 880; x_wconf 89' lang='lat' dir='ltr'>etiam</span> <span class='ocrx_word' id='word_1_26' title='bbox 1141 835 1219 882; x_wconf 90' lang='lat' dir='ltr'>cum</span> 
     </span>
     <span class='ocr_line' id='line_1_5' title="bbox 262 915 1219 998; baseline 0.006 -22"><span class='ocrx_word' id='word_1_27' title='bbox 262 915 583 979; x_wconf 87' lang='lat' dir='ltr'>sanctimonialibus</span> <span class='ocrx_word' id='word_1_28' title='bbox 623 917 804 994; x_wconf 89' lang='lat' dir='ltr'>volutaris,</span> <span class='ocrx_word' id='word_1_29' title='bbox 838 923 892 980; x_wconf 91' lang='lat' dir='ltr'>est</span> <span class='ocrx_word' id='word_1_30' title='bbox 922 916 1151 998; x_wconf 82' lang='lat' dir='ltr'>vituperabile</span> <span class='ocrx_word' id='word_1_31' title='bbox 1184 925 1219 982; x_wconf 87' lang='lat' dir='ltr'>et</span> 
     </span>
     <span class='ocr_line' id='line_1_6' title="bbox 263 1012 1217 1098; baseline 0.007 -24"><span class='ocrx_word' id='word_1_32' title='bbox 263 1012 480 1094; x_wconf 83' lang='lat' dir='ltr'>damnabile3</span> <span class='ocrx_word' id='word_1_33' title='bbox 505 1023 638 1080; x_wconf 89' lang='lat' dir='ltr'>namet</span> <span class='ocrx_word' id='word_1_34' title='bbox 664 1015 791 1080; x_wconf 87' lang='lat' dir='ltr'>famam</span> <span class='ocrx_word' id='word_1_35' title='bbox 816 1017 936 1098; x_wconf 82' lang='lat' dir='ltr'>gloriae</span> <span class='ocrx_word' id='word_1_36' title='bbox 952 1023 1079 1080; x_wconf 84' lang='lat' dir='ltr'>vestrae</span> <span class='ocrx_word' id='word_1_37' title='bbox 1101 1035 1217 1081; x_wconf 88' lang='lat' dir='ltr'>coram</span> 
     </span>
     <span class='ocr_line' id='line_1_7' title="bbox 264 1113 1217 1201; baseline 0.003 -25"><span class='ocrx_word' id='word_1_38' title='bbox 264 1113 341 1178; x_wconf 87' lang='lat' dir='ltr'>Deo</span> <span class='ocrx_word' id='word_1_39' title='bbox 357 1121 393 1178; x_wconf 90' lang='lat' dir='ltr'>et</span> <span class='ocrx_word' id='word_1_40' title='bbox 409 1115 606 1179; x_wconf 89' lang='lat' dir='ltr'>hominibus</span> <span class='ocrx_word' id='word_1_41' title='bbox 632 1116 824 1201; x_wconf 86' lang='lat' dir='ltr'>confundit,</span> <span class='ocrx_word' id='word_1_42' title='bbox 841 1124 877 1180; x_wconf 87' lang='lat' dir='ltr'>et</span> <span class='ocrx_word' id='word_1_43' title='bbox 898 1115 989 1180; x_wconf 86' lang='lat' dir='ltr'>inter</span> <span class='ocrx_word' id='word_1_44' title='bbox 1013 1115 1217 1180; x_wconf 81' lang='lat' dir='ltr'>idololatras</span> 
     </span>
     <span class='ocr_line' id='line_1_8' title="bbox 178 1214 1216 1302; baseline 0.002 -25"><span class='ocrx_word' id='word_1_45' title='bbox 178 1298 181 1302; x_wconf 20' lang='grc' dir='ltr'>Ι</span> <span class='ocrx_word' id='word_1_46' title='bbox 263 1214 455 1291; x_wconf 88' lang='lat' dir='ltr'>constituit,</span> <span class='ocrx_word' id='word_1_47' title='bbox 488 1215 570 1298; x_wconf 86' lang='lat' dir='ltr'>quia</span> <span class='ocrx_word' id='word_1_48' title='bbox 603 1216 770 1298; x_wconf 92' lang='lat' dir='ltr'>templum</span> <span class='ocrx_word' id='word_1_49' title='bbox 804 1216 872 1279; x_wconf 88' lang='lat' dir='ltr'>Dei</span> <span class='ocrx_word' id='word_1_50' title='bbox 905 1215 1057 1280; x_wconf 89' lang='lat' dir='ltr'>violasti.</span> <span class='ocrx_word' id='word_1_51' title='bbox 1119 1214 1216 1293; x_wconf 85' lang='lat' dir='ltr'>Qua-</span> 
     </span>
     <span class='ocr_line' id='line_1_9' title="bbox 263 1308 1217 1399; baseline 0.003 -24"><span class='ocrx_word' id='word_1_52' title='bbox 263 1321 414 1396; x_wconf 87' lang='lat' dir='ltr'>propter,</span> <span class='ocrx_word' id='word_1_53' title='bbox 432 1314 482 1377; x_wconf 93' lang='lat' dir='ltr'>fili</span> <span class='ocrx_word' id='word_1_54' title='bbox 495 1315 682 1392; x_wconf 86' lang='lat' dir='ltr'>carissime,</span> <span class='ocrx_word' id='word_1_55' title='bbox 697 1308 844 1399; x_wconf 87' lang='lat' dir='ltr'>¹poenite</span> <span class='ocrx_word' id='word_1_56' title='bbox 856 1322 892 1378; x_wconf 89' lang='lat' dir='ltr'>et</span> <span class='ocrx_word' id='word_1_57' title='bbox 908 1335 1097 1379; x_wconf 86' lang='lat' dir='ltr'>memorare</span> <span class='ocrx_word' id='word_1_58' title='bbox 1112 1333 1217 1397; x_wconf 89' lang='lat' dir='ltr'>quam</span> 
     </span>
     <span class='ocr_line' id='line_1_10' title="bbox 264 1414 1217 1497; baseline 0.002 -21"><span class='ocrx_word' id='word_1_59' title='bbox 264 1420 363 1496; x_wconf 88' lang='lat' dir='ltr'>turpe</span> <span class='ocrx_word' id='word_1_60' title='bbox 388 1414 446 1490; x_wconf 90' lang='lat' dir='ltr'>sit,</span> <span class='ocrx_word' id='word_1_61' title='bbox 474 1422 514 1478; x_wconf 88' lang='lat' dir='ltr'>ut</span> <span class='ocrx_word' id='word_1_62' title='bbox 541 1422 592 1491; x_wconf 91' lang='lat' dir='ltr'>tu,</span> <span class='ocrx_word' id='word_1_63' title='bbox 616 1416 676 1497; x_wconf 92' lang='lat' dir='ltr'>qui</span> <span class='ocrx_word' id='word_1_64' title='bbox 702 1416 820 1479; x_wconf 90' lang='lat' dir='ltr'>multis</span> <span class='ocrx_word' id='word_1_65' title='bbox 845 1415 1005 1495; x_wconf 83' lang='lat' dir='ltr'>gentibus</span> <span class='ocrx_word' id='word_1_66' title='bbox 1031 1415 1123 1478; x_wconf 93' lang='lat' dir='ltr'>dono</span> <span class='ocrx_word' id='word_1_67' title='bbox 1150 1415 1217 1478; x_wconf 89' lang='lat' dir='ltr'>Dei</span> 
     </span>
     <span class='ocr_line' id='line_1_11' title="bbox 264 1513 1215 1598; baseline 0.003 -24"><span class='ocrx_word' id='word_1_68' title='bbox 264 1513 464 1590; x_wconf 67' lang='lat' dir='ltr'>dominaris</span> <span class='ocrx_word' id='word_1_69' title='bbox 489 1514 533 1578; x_wconf 92' lang='lat' dir='ltr'>ad</span> <span class='ocrx_word' id='word_1_70' title='bbox 558 1515 721 1598; x_wconf 90' lang='lat' dir='ltr'>injuriam</span> <span class='ocrx_word' id='word_1_71' title='bbox 744 1515 819 1598; x_wconf 91' lang='lat' dir='ltr'>ejus</span> <span class='ocrx_word' id='word_1_72' title='bbox 841 1515 889 1578; x_wconf 89' lang='lat' dir='ltr'>sis</span> <span class='ocrx_word' id='word_1_73' title='bbox 908 1514 1059 1578; x_wconf 93' lang='lat' dir='ltr'>libidinis</span> <span class='ocrx_word' id='word_1_74' title='bbox 1082 1531 1215 1579; x_wconf 82' lang='lat' dir='ltr'>servus,</span> 
     </span>
     <span class='ocr_line' id='line_1_12' title="bbox 264 1612 1217 1697; baseline 0 -20"><span class='ocrx_word' id='word_1_75' title='bbox 264 1612 472 1677; x_wconf 88' lang='lat' dir='ltr'>Audivimus</span> <span class='ocrx_word' id='word_1_76' title='bbox 495 1622 664 1695; x_wconf 90' lang='lat' dir='ltr'>praeterea</span> <span class='ocrx_word' id='word_1_77' title='bbox 678 1615 770 1696; x_wconf 91' lang='lat' dir='ltr'>quod</span> <span class='ocrx_word' id='word_1_78' title='bbox 787 1615 972 1697; x_wconf 87' lang='lat' dir='ltr'>optimates</span> <span class='ocrx_word' id='word_1_79' title='bbox 987 1633 1075 1695; x_wconf 87' lang='lat' dir='ltr'>pene</span> <span class='ocrx_word' id='word_1_80' title='bbox 1097 1633 1217 1677; x_wconf 89' lang='lat' dir='ltr'>omnes</span> 
     </span>
     <span class='ocr_line' id='line_1_13' title="bbox 265 1711 1215 1796; baseline 0.001 -21"><span class='ocrx_word' id='word_1_81' title='bbox 265 1713 380 1793; x_wconf 85' lang='lat' dir='ltr'>gentis</span> <span class='ocrx_word' id='word_1_82' title='bbox 397 1712 607 1777; x_wconf 88' lang='lat' dir='ltr'>Merciorum</span> <span class='ocrx_word' id='word_1_83' title='bbox 630 1721 691 1778; x_wconf 89' lang='lat' dir='ltr'>tuo</span> <span class='ocrx_word' id='word_1_84' title='bbox 708 1713 867 1796; x_wconf 86' lang='lat' dir='ltr'>exemplo</span> <span class='ocrx_word' id='word_1_85' title='bbox 891 1711 1063 1795; x_wconf 82' lang='lat' dir='ltr'>legitimas</span> <span class='ocrx_word' id='word_1_86' title='bbox 1087 1733 1215 1777; x_wconf 86' lang='lat' dir='ltr'>uxores</span> 
     </span>
     <span class='ocr_line' id='line_1_14' title="bbox 262 1811 1219 1889; baseline 0.002 -15"><span class='ocrx_word' id='word_1_87' title='bbox 262 1811 434 1889; x_wconf 88' lang='lat' dir='ltr'>deserant,</span> <span class='ocrx_word' id='word_1_88' title='bbox 458 1820 493 1877; x_wconf 89' lang='lat' dir='ltr'>et</span> <span class='ocrx_word' id='word_1_89' title='bbox 515 1813 691 1877; x_wconf 89' lang='lat' dir='ltr'>adulteras</span> <span class='ocrx_word' id='word_1_90' title='bbox 717 1820 752 1878; x_wconf 92' lang='lat' dir='ltr'>et</span> <span class='ocrx_word' id='word_1_91' title='bbox 768 1812 1049 1876; x_wconf 85' lang='lat' dir='ltr'>sanctimoniales</span> <span class='ocrx_word' id='word_1_92' title='bbox 1074 1820 1219 1876; x_wconf 74' lang='lat' dir='ltr'>constu-&#39;</span> 
     </span>
     <span class='ocr_line' id='line_1_15' title="bbox 262 1913 1214 1996; baseline 0.003 -23"><span class='ocrx_word' id='word_1_93' title='bbox 262 1920 382 1993; x_wconf 82' lang='lat' dir='ltr'>prent3</span> <span class='ocrx_word' id='word_1_94' title='bbox 407 1913 511 1994; x_wconf 93' lang='lat' dir='ltr'>quod,</span> <span class='ocrx_word' id='word_1_95' title='bbox 528 1933 633 1995; x_wconf 90' lang='lat' dir='ltr'>quam</span> <span class='ocrx_word' id='word_1_96' title='bbox 657 1914 703 1976; x_wconf 91' lang='lat' dir='ltr'>sit</span> <span class='ocrx_word' id='word_1_97' title='bbox 725 1914 942 1996; x_wconf 82' lang='lat' dir='ltr'>peregrinum</span> <span class='ocrx_word' id='word_1_98' title='bbox 959 1914 1004 1977; x_wconf 91' lang='lat' dir='ltr'>ab</span> <span class='ocrx_word' id='word_1_99' title='bbox 1020 1913 1214 1989; x_wconf 87' lang='lat' dir='ltr'>honestate,</span> 
     </span>
     <span class='ocr_line' id='line_1_16' title="bbox 260 2011 1213 2094; baseline 0 -20"><span class='ocrx_word' id='word_1_100' title='bbox 260 2011 385 2076; x_wconf 88' lang='lat' dir='ltr'>doceat</span> <span class='ocrx_word' id='word_1_101' title='bbox 398 2032 461 2076; x_wconf 88' lang='lat' dir='ltr'>vos</span> <span class='ocrx_word' id='word_1_102' title='bbox 488 2012 610 2076; x_wconf 86' lang='lat' dir='ltr'>alienae</span> <span class='ocrx_word' id='word_1_103' title='bbox 636 2014 750 2094; x_wconf 82' lang='lat' dir='ltr'>gentis</span> <span class='ocrx_word' id='word_1_104' title='bbox 775 2013 970 2076; x_wconf 87' lang='lat' dir='ltr'>institutio:</span> <span class='ocrx_word' id='word_1_105' title='bbox 995 2012 1133 2074; x_wconf 91' lang='lat' dir='ltr'>namin</span> <span class='ocrx_word' id='word_1_106' title='bbox 1151 2031 1213 2076; x_wconf 91' lang='lat' dir='ltr'>an-</span> 
     </span>
     <span class='ocr_line' id='line_1_17' title="bbox 260 2110 1214 2193; baseline 0 -19"><span class='ocrx_word' id='word_1_107' title='bbox 260 2111 359 2193; x_wconf 91' lang='lat' dir='ltr'>tiqua</span> <span class='ocrx_word' id='word_1_108' title='bbox 378 2111 543 2188; x_wconf 85' lang='lat' dir='ltr'>Saxonia,</span> <span class='ocrx_word' id='word_1_109' title='bbox 558 2113 618 2176; x_wconf 94' lang='lat' dir='ltr'>ubi</span> <span class='ocrx_word' id='word_1_110' title='bbox 641 2113 737 2176; x_wconf 89' lang='lat' dir='ltr'>nulla</span> <span class='ocrx_word' id='word_1_111' title='bbox 763 2120 816 2176; x_wconf 89' lang='lat' dir='ltr'>est</span> <span class='ocrx_word' id='word_1_112' title='bbox 839 2110 969 2176; x_wconf 87' lang='lat' dir='ltr'>Christi</span> <span class='ocrx_word' id='word_1_113' title='bbox 996 2111 1161 2193; x_wconf 82' lang='lat' dir='ltr'>cognitio,</span> <span class='ocrx_word' id='word_1_114' title='bbox 1184 2113 1214 2175; x_wconf 93' lang='lat' dir='ltr'>si</span> 
     </span>
     <span class='ocr_line' id='line_1_18' title="bbox 260 2210 1214 2294; baseline -0.001 -19"><span class='ocrx_word' id='word_1_115' title='bbox 260 2212 364 2292; x_wconf 82' lang='lat' dir='ltr'>virgo</span> <span class='ocrx_word' id='word_1_116' title='bbox 377 2211 413 2273; x_wconf 92' lang='lat' dir='ltr'>in</span> <span class='ocrx_word' id='word_1_117' title='bbox 430 2219 576 2293; x_wconf 87' lang='lat' dir='ltr'>paterna</span> <span class='ocrx_word' id='word_1_118' title='bbox 596 2212 709 2289; x_wconf 90' lang='lat' dir='ltr'>domo,</span> <span class='ocrx_word' id='word_1_119' title='bbox 725 2212 782 2276; x_wconf 88' lang='lat' dir='ltr'>vel</span> <span class='ocrx_word' id='word_1_120' title='bbox 795 2213 960 2276; x_wconf 88' lang='lat' dir='ltr'>maritata</span> <span class='ocrx_word' id='word_1_121' title='bbox 974 2212 1039 2274; x_wconf 91' lang='lat' dir='ltr'>sub</span> <span class='ocrx_word' id='word_1_122' title='bbox 1054 2210 1214 2294; x_wconf 82' lang='lat' dir='ltr'>conjuge,</span> 
     </span>
     <span class='ocr_line' id='line_1_19' title="bbox 263 2307 1214 2394; baseline 0.002 -22"><span class='ocrx_word' id='word_1_123' title='bbox 263 2309 366 2374; x_wconf 86' lang='lat' dir='ltr'>fuerit</span> <span class='ocrx_word' id='word_1_124' title='bbox 402 2307 610 2388; x_wconf 88' lang='lat' dir='ltr'>adulterata,</span> <span class='ocrx_word' id='word_1_125' title='bbox 645 2332 751 2376; x_wconf 92' lang='lat' dir='ltr'>manu</span> <span class='ocrx_word' id='word_1_126' title='bbox 790 2312 930 2394; x_wconf 85' lang='lat' dir='ltr'>propria</span> <span class='ocrx_word' id='word_1_127' title='bbox 961 2311 1214 2392; x_wconf 88' lang='lat' dir='ltr'>strangulatam</span> 
     </span>
     <span class='ocr_line' id='line_1_20' title="bbox 261 2411 1215 2494; baseline 0.001 -22"><span class='ocrx_word' id='word_1_128' title='bbox 261 2417 433 2488; x_wconf 87' lang='lat' dir='ltr'>cremant,</span> <span class='ocrx_word' id='word_1_129' title='bbox 450 2418 487 2475; x_wconf 87' lang='lat' dir='ltr'>et</span> <span class='ocrx_word' id='word_1_130' title='bbox 509 2431 615 2494; x_wconf 90' lang='lat' dir='ltr'>supra</span> <span class='ocrx_word' id='word_1_131' title='bbox 639 2411 768 2476; x_wconf 85' lang='lat' dir='ltr'>fossam</span> <span class='ocrx_word' id='word_1_132' title='bbox 801 2412 946 2494; x_wconf 87' lang='lat' dir='ltr'>sepultae</span> <span class='ocrx_word' id='word_1_133' title='bbox 978 2418 1215 2492; x_wconf 88' lang='lat' dir='ltr'>corruptorem</span> 
     </span>
     <span class='ocr_line' id='line_1_21' title="bbox 262 2509 1214 2593; baseline 0 -21"><span class='ocrx_word' id='word_1_134' title='bbox 262 2509 496 2593; x_wconf 86' lang='lat' dir='ltr'>suspendunt3</span> <span class='ocrx_word' id='word_1_135' title='bbox 513 2520 586 2588; x_wconf 88' lang='lat' dir='ltr'>aut,</span> <span class='ocrx_word' id='word_1_136' title='bbox 603 2511 743 2593; x_wconf 81' lang='lat' dir='ltr'>cingulo</span> <span class='ocrx_word' id='word_1_137' title='bbox 753 2518 855 2575; x_wconf 87' lang='lat' dir='ltr'>tenus</span> <span class='ocrx_word' id='word_1_138' title='bbox 868 2511 1023 2576; x_wconf 86' lang='lat' dir='ltr'>vestibus</span> <span class='ocrx_word' id='word_1_139' title='bbox 1041 2511 1214 2587; x_wconf 89' lang='lat' dir='ltr'>abscissis,</span> 
     </span>
     <span class='ocr_line' id='line_1_22' title="bbox 263 2598 1213 2692; baseline 0 -20"><span class='ocrx_word' id='word_1_140' title='bbox 263 2609 441 2692; x_wconf 84' lang='lat' dir='ltr'>flagellant</span> <span class='ocrx_word' id='word_1_141' title='bbox 469 2630 545 2674; x_wconf 87' lang='lat' dir='ltr'>eam</span> <span class='ocrx_word' id='word_1_142' title='bbox 567 2617 674 2674; x_wconf 86' lang='lat' dir='ltr'>castae</span> <span class='ocrx_word' id='word_1_143' title='bbox 703 2617 871 2674; x_wconf 87' lang='lat' dir='ltr'>matronae</span> <span class='ocrx_word' id='word_1_144' title='bbox 893 2617 929 2674; x_wconf 94' lang='lat' dir='ltr'>et</span> <span class='ocrx_word' id='word_1_145' title='bbox 951 2609 1101 2672; x_wconf 88' lang='lat' dir='ltr'>cultellis</span> <span class='ocrx_word' id='word_1_146' title='bbox 1117 2598 1213 2690; x_wconf 62' lang='lat' dir='ltr'>&#39;pun-</span> 
     </span>
     <span class='ocr_line' id='line_1_23' title="bbox 261 2709 1214 2790; baseline -0.001 -16"><span class='ocrx_word' id='word_1_147' title='bbox 261 2717 360 2790; x_wconf 86' lang='lat' dir='ltr'>gunt,</span> <span class='ocrx_word' id='word_1_148' title='bbox 374 2718 410 2774; x_wconf 89' lang='lat' dir='ltr'>et</span> <span class='ocrx_word' id='word_1_149' title='bbox 427 2709 470 2773; x_wconf 89' lang='lat' dir='ltr'>de</span> <span class='ocrx_word' id='word_1_150' title='bbox 483 2711 568 2774; x_wconf 85' lang='lat' dir='ltr'>villa</span> <span class='ocrx_word' id='word_1_151' title='bbox 588 2711 624 2775; x_wconf 91' lang='lat' dir='ltr'>in</span> <span class='ocrx_word' id='word_1_152' title='bbox 641 2710 761 2775; x_wconf 91' lang='lat' dir='ltr'>villam</span> <span class='ocrx_word' id='word_1_153' title='bbox 778 2711 893 2774; x_wconf 89' lang='lat' dir='ltr'>missae</span> <span class='ocrx_word' id='word_1_154' title='bbox 909 2716 1094 2773; x_wconf 88' lang='lat' dir='ltr'>occurrunt</span> <span class='ocrx_word' id='word_1_155' title='bbox 1113 2728 1214 2773; x_wconf 88' lang='lat' dir='ltr'>novae</span> 
     </span>
     <span class='ocr_line' id='line_1_24' title="bbox 261 2801 1213 2890; baseline -0.001 -18"><span class='ocrx_word' id='word_1_156' title='bbox 261 2810 516 2890; x_wconf 64' lang='lat' dir='ltr'>flagellatrices</span> <span class='ocrx_word' id='word_1_157' title='bbox 529 2811 639 2874; x_wconf 89' lang='lat' dir='ltr'>donec</span> <span class='ocrx_word' id='word_1_158' title='bbox 654 2809 864 2874; x_wconf 88' lang='lat' dir='ltr'>interimant.</span> <span class='ocrx_word' id='word_1_159' title='bbox 904 2809 1054 2890; x_wconf 88' lang='lat' dir='ltr'>Insuper</span> <span class='ocrx_word' id='word_1_160' title='bbox 1067 2815 1103 2872; x_wconf 86' lang='lat' dir='ltr'>et</span> <span class='ocrx_word' id='word_1_161' title='bbox 1117 2801 1213 2873; x_wconf 83' lang='lat' dir='ltr'>²Wi-</span> 
     </span>
     <span class='ocr_line' id='line_1_25' title="bbox 262 2908 1213 2992; baseline 0.001 -21"><span class='ocrx_word' id='word_1_162' title='bbox 262 2909 354 2986; x_wconf 92' lang='lat' dir='ltr'>nedi,</span> <span class='ocrx_word' id='word_1_163' title='bbox 371 2910 462 2992; x_wconf 91' lang='lat' dir='ltr'>quod</span> <span class='ocrx_word' id='word_1_164' title='bbox 478 2918 531 2974; x_wconf 87' lang='lat' dir='ltr'>est</span> <span class='ocrx_word' id='word_1_165' title='bbox 545 2909 772 2974; x_wconf 88' lang='lat' dir='ltr'>foedissimum</span> <span class='ocrx_word' id='word_1_166' title='bbox 795 2929 905 2991; x_wconf 85' lang='lat' dir='ltr'>genus</span> <span class='ocrx_word' id='word_1_167' title='bbox 918 2909 1106 2985; x_wconf 90' lang='lat' dir='ltr'>hominum,</span> <span class='ocrx_word' id='word_1_168' title='bbox 1121 2908 1213 2972; x_wconf 89' lang='lat' dir='ltr'>hunc</span> 
     </span>
     <span class='ocr_line' id='line_1_26' title="bbox 261 3007 1213 3090; baseline -0.001 -18"><span class='ocrx_word' id='word_1_169' title='bbox 261 3007 549 3089; x_wconf 84' lang='lat' dir='ltr'>habentmorem3</span> <span class='ocrx_word' id='word_1_170' title='bbox 565 3018 605 3074; x_wconf 93' lang='lat' dir='ltr'>ut</span> <span class='ocrx_word' id='word_1_171' title='bbox 622 3010 756 3088; x_wconf 88' lang='lat' dir='ltr'>mulier,</span> <span class='ocrx_word' id='word_1_172' title='bbox 769 3010 845 3075; x_wconf 90' lang='lat' dir='ltr'>viro</span> <span class='ocrx_word' id='word_1_173' title='bbox 860 3017 1009 3086; x_wconf 91' lang='lat' dir='ltr'>mortuo,</span> <span class='ocrx_word' id='word_1_174' title='bbox 1026 3025 1063 3072; x_wconf 87' lang='lat' dir='ltr'>se</span> <span class='ocrx_word' id='word_1_175' title='bbox 1077 3009 1213 3090; x_wconf 82' lang='lat' dir='ltr'>inrogo</span> 
     </span>
     <span class='ocr_line' id='line_1_27' title="bbox 261 3108 1212 3194; baseline 0 -23"><span class='ocrx_word' id='word_1_176' title='bbox 261 3110 403 3173; x_wconf 91' lang='lat' dir='ltr'>cremati</span> <span class='ocrx_word' id='word_1_177' title='bbox 426 3111 556 3192; x_wconf 87' lang='lat' dir='ltr'>pariter</span> <span class='ocrx_word' id='word_1_178' title='bbox 578 3128 699 3175; x_wconf 84' lang='lat' dir='ltr'>arsura</span> <span class='ocrx_word' id='word_1_179' title='bbox 714 3108 920 3194; x_wconf 85' lang='lat' dir='ltr'>praecipitet.</span> <span class='ocrx_word' id='word_1_180' title='bbox 972 3109 1010 3173; x_wconf 91' lang='lat' dir='ltr'>Si</span> <span class='ocrx_word' id='word_1_181' title='bbox 1027 3129 1111 3190; x_wconf 83' lang='lat' dir='ltr'>ergo</span> <span class='ocrx_word' id='word_1_182' title='bbox 1126 3128 1212 3189; x_wconf 82' lang='lat' dir='ltr'>gen-</span> 
     </span>
     <span class='ocr_line' id='line_1_28' title="bbox 259 3209 1212 3291; baseline -0.002 -18"><span class='ocrx_word' id='word_1_183' title='bbox 259 3209 350 3286; x_wconf 85' lang='lat' dir='ltr'>tiles,</span> <span class='ocrx_word' id='word_1_184' title='bbox 363 3210 477 3273; x_wconf 91' lang='lat' dir='ltr'>Deum</span> <span class='ocrx_word' id='word_1_185' title='bbox 492 3211 705 3291; x_wconf 65' lang='lat' dir='ltr'>ignorantes</span> <span class='ocrx_word' id='word_1_186' title='bbox 720 3217 856 3275; x_wconf 90' lang='lat' dir='ltr'>tantum</span> <span class='ocrx_word' id='word_1_187' title='bbox 873 3210 984 3273; x_wconf 86' lang='lat' dir='ltr'>zelum</span> <span class='ocrx_word' id='word_1_188' title='bbox 998 3209 1212 3273; x_wconf 86' lang='lat' dir='ltr'>castimoniae</span> 
     </span>
     <span class='ocr_line' id='line_1_29' title="bbox 260 3304 1212 3392; baseline 0.001 -22"><span class='ocrx_word' id='word_1_189' title='bbox 260 3308 400 3386; x_wconf 87' lang='lat' dir='ltr'>babent,</span> <span class='ocrx_word' id='word_1_190' title='bbox 433 3310 515 3392; x_wconf 91' lang='lat' dir='ltr'>quid</span> <span class='ocrx_word' id='word_1_191' title='bbox 545 3309 608 3373; x_wconf 95' lang='lat' dir='ltr'>tibi</span> <span class='ocrx_word' id='word_1_192' title='bbox 642 3304 816 3387; x_wconf 89' lang='lat' dir='ltr'>convenit,</span> <span class='ocrx_word' id='word_1_193' title='bbox 849 3309 898 3372; x_wconf 90' lang='lat' dir='ltr'>fili</span> <span class='ocrx_word' id='word_1_194' title='bbox 931 3309 1118 3384; x_wconf 90' lang='lat' dir='ltr'>carissime,</span> <span class='ocrx_word' id='word_1_195' title='bbox 1153 3308 1212 3391; x_wconf 92' lang='lat' dir='ltr'>qui</span> 
     </span>
     <span class='ocr_line' id='line_1_30' title="bbox 260 3407 1209 3488; baseline -0.003 -16"><span class='ocrx_word' id='word_1_196' title='bbox 260 3407 480 3472; x_wconf 83' lang='lat' dir='ltr'>Christianus</span> <span class='ocrx_word' id='word_1_197' title='bbox 497 3416 532 3472; x_wconf 89' lang='lat' dir='ltr'>et</span> <span class='ocrx_word' id='word_1_198' title='bbox 551 3429 614 3472; x_wconf 88' lang='lat' dir='ltr'>rex</span> <span class='ocrx_word' id='word_1_199' title='bbox 632 3411 695 3472; x_wconf 82' lang='lat' dir='ltr'>esl</span> <span class='ocrx_word' id='word_1_200' title='bbox 749 3408 860 3472; x_wconf 89' lang='lat' dir='ltr'>Parce</span> <span class='ocrx_word' id='word_1_201' title='bbox 878 3427 960 3488; x_wconf 83' lang='lat' dir='ltr'>ergo</span> <span class='ocrx_word' id='word_1_202' title='bbox 977 3407 1101 3470; x_wconf 87' lang='lat' dir='ltr'>animae</span> <span class='ocrx_word' id='word_1_203' title='bbox 1116 3415 1209 3484; x_wconf 89' lang='lat' dir='ltr'>tuae;</span> 
     </span>
     <span class='ocr_line' id='line_1_31' title="bbox 259 3505 1211 3590; baseline -0.003 -19"><span class='ocrx_word' id='word_1_204' title='bbox 259 3527 363 3590; x_wconf 89' lang='lat' dir='ltr'>parce</span> <span class='ocrx_word' id='word_1_205' title='bbox 381 3508 593 3571; x_wconf 91' lang='lat' dir='ltr'>multitudini</span> <span class='ocrx_word' id='word_1_206' title='bbox 617 3508 737 3590; x_wconf 91' lang='lat' dir='ltr'>populi</span> <span class='ocrx_word' id='word_1_207' title='bbox 760 3515 821 3571; x_wconf 87' lang='lat' dir='ltr'>tuo</span> <span class='ocrx_word' id='word_1_208' title='bbox 841 3505 1017 3587; x_wconf 87' lang='lat' dir='ltr'>pereuntis</span> <span class='ocrx_word' id='word_1_209' title='bbox 1040 3505 1211 3587; x_wconf 87' lang='lat' dir='ltr'>exemplo,</span> 
     </span>
     <span class='ocr_line' id='line_1_32' title="bbox 260 3604 1211 3687; baseline 0 -19"><span class='ocrx_word' id='word_1_210' title='bbox 260 3606 302 3668; x_wconf 90' lang='lat' dir='ltr'>de</span> <span class='ocrx_word' id='word_1_211' title='bbox 335 3626 480 3687; x_wconf 86' lang='lat' dir='ltr'>quorum</span> <span class='ocrx_word' id='word_1_212' title='bbox 515 3608 695 3670; x_wconf 89' lang='lat' dir='ltr'>animabus</span> <span class='ocrx_word' id='word_1_213' title='bbox 727 3606 923 3670; x_wconf 88' lang='lat' dir='ltr'>redditurus</span> <span class='ocrx_word' id='word_1_214' title='bbox 960 3623 996 3666; x_wconf 90' lang='lat' dir='ltr'>es</span> <span class='ocrx_word' id='word_1_215' title='bbox 1030 3604 1211 3668; x_wconf 91' lang='lat' dir='ltr'>rationem.</span> 
     </span>
    </p>
   </div>
   <div class='ocr_carea' id='block_1_3' title="bbox 259 3704 1213 3789">
    <p class='ocr_par' dir='ltr' id='par_1_3' title="bbox 259 3704 1213 3789">
     <span class='ocr_line' id='line_1_33' title="bbox 259 3704 1213 3789; baseline -0.002 -19"><span class='ocrx_word' id='word_1_216' title='bbox 259 3704 414 3770; x_wconf 83' lang='lat' dir='ltr'>Attende</span> <span class='ocrx_word' id='word_1_217' title='bbox 436 3713 472 3769; x_wconf 93' lang='lat' dir='ltr'>et</span> <span class='ocrx_word' id='word_1_218' title='bbox 497 3705 604 3770; x_wconf 91' lang='lat' dir='ltr'>illud:</span> <span class='ocrx_word' id='word_1_219' title='bbox 630 3705 722 3789; x_wconf 91' lang='lat' dir='ltr'>quod</span> <span class='ocrx_word' id='word_1_220' title='bbox 744 3707 773 3769; x_wconf 90' lang='lat' dir='ltr'>si</span> <span class='ocrx_word' id='word_1_221' title='bbox 797 3723 882 3787; x_wconf 82' lang='lat' dir='ltr'>gens</span> <span class='ocrx_word' id='word_1_222' title='bbox 899 3704 1105 3786; x_wconf 82' lang='lat' dir='ltr'>Anglorum,</span> <span class='ocrx_word' id='word_1_223' title='bbox 1122 3705 1213 3768; x_wconf 91' lang='lat' dir='ltr'>sicut</span> 
     </span>
    </p>
   </div>
   <div class='ocr_carea' id='block_1_4' title="bbox 294 4011 1211 4077">
    <p class='ocr_par' dir='ltr' id='par_1_4' title="bbox 294 4011 1211 4077">
     <span class='ocr_line' id='line_1_34' title="bbox 294 4011 1211 4077; baseline -0.003 -13"><span class='ocrx_word' id='word_1_224' title='bbox 294 4014 436 4077; x_wconf 81' lang='lat' dir='ltr'>¹Poenite.]</span> <span class='ocrx_word' id='word_1_225' title='bbox 452 4011 486 4064; x_wconf 78' lang='lat' dir='ltr'>A.</span> <span class='ocrx_word' id='word_1_226' title='bbox 504 4016 534 4063; x_wconf 85' lang='lat' dir='ltr'>C.</span> <span class='ocrx_word' id='word_1_227' title='bbox 551 4015 583 4062; x_wconf 88' lang='lat' dir='ltr'>E.</span> <span class='ocrx_word' id='word_1_228' title='bbox 600 4015 649 4075; x_wconf 75' lang='lat' dir='ltr'>L.;</span> <span class='ocrx_word' id='word_1_229' title='bbox 668 4030 723 4075; x_wconf 85' lang='lat' dir='ltr'>poe·</span> <span class='ocrx_word' id='word_1_230' title='bbox 749 4014 835 4075; x_wconf 86' lang='lat' dir='ltr'>seated</span> <span class='ocrx_word' id='word_1_231' title='bbox 854 4029 886 4062; x_wconf 93' lang='lat' dir='ltr'>on</span> <span class='ocrx_word' id='word_1_232' title='bbox 905 4013 947 4062; x_wconf 85' lang='lat' dir='ltr'>tho</span> <span class='ocrx_word' id='word_1_233' title='bbox 964 4013 1075 4072; x_wconf 90' lang='lat' dir='ltr'>Vistula,</span> <span class='ocrx_word' id='word_1_234' title='bbox 1091 4027 1152 4060; x_wconf 86' lang='lat' dir='ltr'>near</span> <span class='ocrx_word' id='word_1_235' title='bbox 1169 4013 1211 4063; x_wconf 89' lang='lat' dir='ltr'>the</span> 
     </span>
    </p>
   </div>
   <div class='ocr_carea' id='block_1_5' title="bbox 170 4081 1212 4146">
    <p class='ocr_par' dir='ltr' id='par_1_5' title="bbox 170 4081 1212 4146">
     <span class='ocr_line' id='line_1_35' title="bbox 170 4081 1212 4146; baseline -0.004 -9"><span class='ocrx_word' id='word_1_236' title='bbox 170 4101 171 4106; x_wconf 54' lang='lat'>¹</span> <span class='ocrx_word' id='word_1_237' title='bbox 257 4089 336 4137; x_wconf 80' lang='lat' dir='ltr'>niteat</span> <span class='ocrx_word' id='word_1_238' title='bbox 347 4090 382 4146; x_wconf 86' lang='lat' dir='ltr'>te,</span> <span class='ocrx_word' id='word_1_239' title='bbox 394 4085 440 4145; x_wconf 63' lang='grc' dir='ltr'>ἃς</span> <span class='ocrx_word' id='word_1_240' title='bbox 457 4087 590 4146; x_wconf 88' lang='lat' dir='ltr'>poenitere,</span> <span class='ocrx_word' id='word_1_241' title='bbox 602 4085 636 4134; x_wconf 88' lang='lat' dir='ltr'>D.</span> <span class='ocrx_word' id='word_1_242' title='bbox 649 4085 687 4133; x_wconf 85' lang='lat' dir='ltr'>M.</span> <span class='ocrx_word' id='word_1_243' title='bbox 750 4085 856 4134; x_wconf 73' lang='lat' dir='ltr'>ssaltic.-</span> <span class='ocrx_word' id='word_1_244' title='bbox 889 4083 952 4133; x_wconf 91' lang='lat' dir='ltr'>Cod.</span> <span class='ocrx_word' id='word_1_245' title='bbox 976 4081 1212 4133; x_wconf 79' lang='lat' dir='ltr'>caesar.1ikewise</span> 
     </span>
    </p>
   </div>
   <div class='ocr_carea' id='block_1_6' title="bbox 295 4144 1213 4287">
    <p class='ocr_par' dir='ltr' id='par_1_6' title="bbox 295 4144 1213 4287">
     <span class='ocr_line' id='line_1_36' title="bbox 749 4144 1213 4212; baseline 0 -10"><span class='ocrx_word' id='word_1_246' title='bbox 749 4155 826 4202; x_wconf 84' lang='lat' dir='ltr'>reads.</span> <span class='ocrx_word' id='word_1_247' title='bbox 851 4152 988 4212; x_wconf 62' lang='lat' dir='ltr'>‘winedi&#39;</span> <span class='ocrx_word' id='word_1_248' title='bbox 1023 4144 1079 4201; x_wconf 64' lang='lat' dir='ltr'>but&#39;</span> <span class='ocrx_word' id='word_1_249' title='bbox 1101 4153 1213 4202; x_wconf 88' lang='lat' dir='ltr'>Wilkius</span> 
     </span>
     <span class='ocr_line' id='line_1_37' title="bbox 295 4223 962 4287; baseline -0.007 -12"><span class='ocrx_word' id='word_1_250' title='bbox 295 4224 441 4287; x_wconf 78' lang='lat' dir='ltr'>²Winedi.]</span> <span class='ocrx_word' id='word_1_251' title='bbox 463 4223 516 4272; x_wconf 88' lang='lat' dir='ltr'>The</span> <span class='ocrx_word' id='word_1_252' title='bbox 536 4225 638 4274; x_wconf 85' lang='lat' dir='ltr'>Winedi</span> <span class='ocrx_word' id='word_1_253' title='bbox 657 4240 723 4272; x_wconf 88' lang='lat' dir='ltr'>were</span> <span class='ocrx_word' id='word_1_254' title='bbox 749 4225 835 4286; x_wconf 87' lang='lat' dir='ltr'>‘apud</span> <span class='ocrx_word' id='word_1_255' title='bbox 848 4224 962 4273; x_wconf 85' lang='lat' dir='ltr'>Persas.&#39;</span> 
     </span>
    </p>
   </div>
   <div class='ocr_carea' id='block_1_7' title="bbox 1051 4332 1061 4378">
    <p class='ocr_par' dir='ltr' id='par_1_7' title="bbox 1051 4332 1061 4378">
     <span class='ocr_line' id='line_1_38' title="bbox 1051 4332 1061 4378; baseline 0 0"><span class='ocrx_word' id='word_1_256' title='bbox 1051 4332 1061 4378; x_wconf 92' lang='lat'><em>1</em></span> 
     </span>
    </p>
   </div>
   <div class='ocr_carea' id='block_1_8' title="bbox 0 0 1586 4972">
    <p class='ocr_par' dir='ltr' id='par_1_8' title="bbox 0 0 1586 4972">
     <span class='ocr_line' id='line_1_39' title="bbox 0 0 1586 4972; baseline 0 2"><span class='ocrx_word' id='word_1_257' title='bbox 0 0 1586 4972; x_wconf 95' lang='lat' dir='ltr'> </span> 
     </span>
    </p>
   </div>
  </div>
 </body>
</html>
