3112 4968
353 442 420 510 328
574 459 687 508 unsri
711 460 839 509 aucun
863 460 1079 510 Aucnouuu.
1163 448 1250 529 [ma.
1267 463 1311 510 11.

356 619 460 683 dorso
486 616 655 694 evexerit,
674 623 710 680 et
732 615 939 699 quibusdam
964 616 1055 694 aliis,
1081 618 1207 701 quibus
1229 618 1309 683 ideo

358 717 566 800 supersedeo
596 717 681 799 qnia
719 714 985 780 aestimationem
1014 717 1155 781 lectoris
1188 738 1309 801 snper·

196 830 346 874 Mhdtha
359 816 457 900 gredi
476 815 570 880 nolo.
622 808 733 879 ¹Obiit
752 822 879 880 octavo
904 814 1038 879 decimo
1060 836 1152 881 anno
1174 818 1311 900 imperii

194 893 320 974 'A'f'df'f‘oit-
359 934 509 992 emenso,
524 925 560 978 et
575 913 668 996 apud
691 913 828 996 Spiram
847 913 1007 979 conditus
1029 921 1095 992 est,
1112 935 1217 998 quam
1233 917 1309 1000 ipse

358 1037 405 1080 ex
422 1014 665 1096 antiquissima
680 1019 716 1077 et
730 1012 846 1086 diruta
860 1012 1010 1078 Nemeto
1028 1015 1081 1079 ita
1096 1016 1310 1080 nominatam

359 1114 516 1180 novavit.
568 1111 793 1196 Epitaphium
807 1112 884 1196 ejus
898 1112 965 1177 hoc
982 1120 1057 1178 est:

196 1315 339 1368 abottrit-
458 1305 613 1382 ‘Caesae
629 1309 748 1369 tantus
765 1321 842 1368 eras
858 1291 1010 1386 quantus
1028 1297 1064 1370 et
1080 1305 1186 1383 orbis,

483 1405 535 1471 At
550 1422 642 1468 nunc
657 1404 694 1466 in
709 1402 844 1467 modico
860 1402 1033 1469 clauderis
1047 1411 1161 1468 antro.

484 1504 573 1569 Post
586 1503 661 1566 haec
678 1502 826 1585 quisque
840 1502 929 1567 sciat
943 1496 1000 1566 ²se
1015 1504 1198 1579 ruiturum,

485 1605 532 1669 Et
548 1601 642 1686 quod
657 1602 755 1666 nulla
770 1601 858 1665 mori
871 1602 984 1683 gloria
997 1602 1109 1667 tollat.

487 1703 632 1769 Florens
647 1701 781 1784 imperii
796 1700 908 1784 gloria
923 1700 1109 1783 quondam,
1206 1771 1212 1780 ⁶

486 1801 656 1867 Desolata
672 1820 736 1864 suo
752 1799 891 1865 Caesare
908 1807 1059 1880 marcet3
1159 1803 1166 1815 '

487 1900 604 1977 Hanc,
616 1900 722 1976 ultra,
739 1900 889 1982 speciem
905 1919 975 1963 non
988 1898 1149 1964 habitura

487 2001 602 2084 Quam
617 2005 731 2062 tecum
746 1999 897 2063 moriens
914 1999 1109 2063 occuluisti.

487 2101 600 2182 Leges
616 2117 638 2162 a
650 2098 790 2164 senibus
806 2098 964 2180 patribus
978 2105 1119 2174 auctas,-

487 2199 586 2278 Quas
603 2197 735 2261 lassata
748 2195 808 2260 diu
824 2203 958 2260 raserat
971 2205 1071 2275 aetas,

487 2299 617 2363 Omnes
630 2303 671 2360 ut
686 2295 825 2360 fuerant
839 2297 914 2378 ipse
930 2296 1133 2374 reformans,

489 2395 659 2462 Romanis
672 2394 808 2459 studuit
820 2394 963 2459 reddere
980 2396 1106 2466 causis.

487 2495 557 2573 Tu,
574 2493 766 2577 longinqua
779 2495 866 2559 satis
881 2513 1001 2576 regna,
1015 2493 1180 2576 locosque

489 2594 589 2674 Quos
606 2594 723 2657 nullus
738 2594 854 2677 potuit
870 2593 1020 2670 flectere,
1038 2592 1171 2670 Caesar,

487 2694 657 2760 Romanis
671 2711 819 2757 onerans
833 2693 964 2757 viribus
981 2699 1091 2770 artus,

374 2853 376 2858 .
487 2793 545 2859 Ad
562 2793 663 2858 civile
676 2793 782 2857 decus
798 2791 991 2856 excoluisti.

488 2893 519 2958 Ο
534 2899 667 2975 quanto
682 2893 851 2974 premitur
866 2892 982 2955 Roma
995 2890 1126 2971 dolore,

488 2991 659 3056 Desolata
673 2991 769 3073 prius
783 2999 894 3054 morte
910 2989 1056 3055 Leonis:

489 3089 606 3167 Nunc,
623 3087 796 3170 Anguste,
812 3097 875 3154 tuo
889 3089 1008 3153 sunere
1021 3089 1202 3171 languens,

489 3188 579 3252 Bino
595 3206 634 3252 se
649 3188 789 3253 viduam
805 3188 935 3252 lumine
951 3188 1098 3271 plangit.

489 3287 580 3367 Quae
598 3295 633 3352 te
649 3307 719 3351 non
734 3287 851 3352 timuit
865 3288 980 3371 patria
992 3287 1139 3375 vivuml

488 3387 558 3453 Vel
574 3407 654 3469 quae
669 3407 738 3451 non
752 3386 875 3470 doluit,
890 3385 1021 3464 Caesar,
1035 3387 1177 3451 obisset

490 3487 585 3551 Nam
598 3487 648 3551 sic
662 3487 765 3550 laetus
781 3505 859 3550 eras
870 3485 945 3569 jam
962 3486 1148 3568 superatis,

373 3649 376 3654 .
488 3586 536 3650 Et
552 3586 602 3650 sic
617 3585 796 3650 indomitis
813 3585 976 3667 gentibus
992 3603 1112 3668 asper3

403 3891 410 3922 ¹
425 3892 497 3942 Obiit
506 3895 589 3942 octauo
599 3891 689 3941 decim
703 3905 766 3940 anuo
784 3891 829 3940 im-
854 3890 895 3942 his
906 3892 1011 3953 empne,
1018 3905 1051 3940 on
1059 3889 1102 3940 ilie
1109 3889 1153 3940 ath
1161 3890 1191 3939 os
1197 3889 1317 3953 October,

364 3965 453 4031 perit]
465 3963 555 4024 Henry
565 3961 625 4010 died
637 3965 664 4010 at
675 3961 786 4022 nostele,
796 3976 839 4010 on.
854 3961 924 4011 Α.Ι).
939 3964 1013 4020 loeo,
1029 3961 1081 4010 and
1092 3975 1147 4009 was
1163 3961 1273 4008 interred
1290 3964 1317 4010 at

367 4034 410 4083 the
430 4034 540 4083 confines
558 4032 588 4080 oi
606 4031 673 4081 Saxe
691 4031 742 4080 and
760 4030 830 4079 'l'hu-
854 4031 936 4092 Spire.

367 4105 449 4165 ringe,
462 4104 488 4150 in
503 4103 546 4151 the
563 4101 708 4164 eighteenth
724 4115 786 4164 year
803 4101 833 4148 ol
890 4097 945 4149 ’Se
963 4099 1108 4161 ruituram]
1126 4098 1159 4148 A.
1171 4098 1200 4147 S.
1214 4099 1268 4148 Gi.
1281 4099 1316 4149 D.

367 4173 408 4223 his
424 4174 506 4234 reign,
517 4173 563 4220 but
578 4171 606 4220 in
621 4170 663 4220 the
675 4171 787 4222 fifteenu
804 4171 832 4219 of
854 4171 887 4220 Ε.
896 4170 944 4231 1..;
961 4170 1158 4229 emoriturum,
1172 4169 1201 4218 C.
