3112 4968
393 446 459 514 380
618 461 732 510 crsrn
756 421 882 510 nrcuu
907 459 1121 508 nrcnonuu.
1202 445 1287 526 [nin.
1305 459 1347 506 11.

232 645 324 686 vorem.
394 619 549 700 vigorem
564 617 736 682 continuis
750 616 919 681 mortibus
932 613 1206 682 labefactarunt:
1231 637 1250 680 e
1268 637 1347 681 ves-

394 719 482 799 tigio
501 737 639 800 quoquc
654 710 860 792 ¹Henricus,
874 715 953 798 pius
978 713 1216 780 Romanorum
1236 717 1346 799 impe·

316 855 319 862 ,
395 824 502 894 rator,
531 817 728 892 defunctus,
751 833 985 880 successorem
1014 813 1208 878 Henricum
1237 815 1345 879 filium

396 916 530 994 habuit,
561 917 621 998 qni
649 915 776 978 multas
801 912 1043 996 oppressiones
1068 906 1157 977 ²orbi
1185 913 1346 979 Romano

396 1014 557 1079 fatuitate
581 1013 805 1095 nequitiaque
833 1032 898 1077 sua
918 1012 1067 1076 intulit.⁴
1100 1012 1232 1076 Eodem
1254 1032 1346 1078 anno

396 1106 590 1178 ⁸Henricus
613 1133 675 1178 rex
693 1112 918 1189 Francorum,
933 1111 1033 1174 miles
1051 1117 1212 1175 strenuus
1230 1101 1270 1176 ¹ct
1284 1114 1347 1176 bo·

396 1232 475 1291 nuS,
492 1213 645 1296 potionis
667 1211 795 1276 haustu
815 1211 958 1274 interiit.
1002 1209 1095 1274 ·Non
1119 1212 1229 1276 multo
1254 1218 1346 1294 post,

396 1318 547 1377 cometes
573 1308 749 1389 stellarii
774 1309 900 1387 femmt,
923 1309 1135 1374 mutationes
1161 1330 1346 1392 regnorum

395 1411 627 1493 praetendens,
642 1411 765 1492 longos
779 1416 814 1473 et
829 1409 1007 1488 flammeos
1019 1410 1132 1472 crines
1149 1429 1211 1492 per
1226 1403 1346 1474 ⁴inane

397 1510 539 1587 ducens,
565 1509 748 1593 apparuit:
779 1508 871 1572 unde
899 1508 1041 1591 pulchre
1069 1508 1208 1590 quidam
1235 1511 1345 1573 nostri

398 1611 597 1673 monasterii
622 1607 824 1686 monachus,
843 1607 1014 1671 Eilmerus
1031 1608 1181 1685 nomine,
1197 1609 1273 1672 riso
1289 1629 1347 1673 co·

397 1710 571 1772 ruscantis
595 1709 681 1772 astri
705 1716 836 1773 terrore
860 1707 1137 1790 conquiniscens,
1163 1706 1348 1786 ‘Venisti’

397 1808 523 1890 inquit,
538 1814 547 1842 ‘
560 1807 699 1884 venisti,
713 1807 832 1871 multis
845 1807 1013 1870 matribus
1026 1805 1196 1887 lugende3
1219 1807 1347 1870 dudum

398 1907 558 1989 estquod
581 1913 616 1970 te
630 1907 716 1983 vidi,
736 1907 796 1969 sed
822 1924 913 1968 nunc
927 1904 1037 1968 multo
1051 1905 1290 1969 terribiliorem
1312 1912 1348 1970 te

398 2007 545 2083 intueor,
571 2005 694 2089 patriae
716 2004 820 2088 hujus
843 2002 1016 2068 excidium
1041 2005 1258 2069 vibrantem!
1309 2004 1347 2069 Is

399 2113 475 2170 erat
504 2105 624 2183 literis,
654 2111 823 2187 quantum
844 2104 890 2168 ad
913 2103 949 2166 id
974 2105 1151 2185 temporis,
1175 2105 1262 2168 bene
1283 2105 1347 2167 im-

399 2206 516 2282 butus,
534 2223 610 2269 aero
633 2212 802 2281 maturus,
827 2203 1011 2266 immanem
1033 2203 1214 2267 andaciam
1237 2205 1348 2286 prima

394 2303 581 2388 juventute
604 2309 772 2367 conatus:
802 2321 883 2365 nam
900 2320 1033 2384 pennas
1056 2303 1214 2365 manibus
1237 2311 1272 2366 et
1287 2323 1349 2385 pe·

401 2402 501 2466 dibus
526 2402 619 2466 baud
641 2403 714 2466 scic
737 2420 807 2483 qua
829 2402 1036 2464 innexuerat
1054 2408 1142 2479 arte,
1157 2408 1197 2465 ut
1212 2402 1350 2466 Daedali

402 2521 496 2566 more
518 2502 664 2579 volaret,
690 2501 843 2564 fabulam
866 2520 930 2583 pro
955 2519 1038 2564 vcro
1063 2501 1257 2583 amplexus..
1279 2501 1351 2565 col·

401 2602 558 2682 lectaque
571 2621 590 2665 e
603 2619 737 2664 summo
749 2600 854 2664 turris
869 2617 966 2676 aura,
978 2599 1092 2680 spatio
1107 2600 1210 2664 stadii
1227 2606 1262 2664 et
1271 2601 1350 2683 plus

401 2701 553 2780 volavit3
578 2700 638 2764 sed
658 2700 754 2764 venti
777 2707 812 2764 et
829 2698 975 2763 turbinis
990 2698 1168 2775 violentia,
1192 2699 1295 2762 simul
1317 2706 1352 2763 et

310 2786 313 2790 ⁸
401 2798 575 2864 temerarii
588 2799 671 2864 facti
692 2799 921 2874 conscientia,
932 2797 1100 2861 tremulus
1121 2798 1256 2876 cecidit,
1272 2819 1350 2881 per-

402 2906 508 2982 petuo
523 2906 603 2983 post
624 2899 699 2962 baec
721 2898 856 2974 debilis,
871 2905 907 2960 ct
923 2914 1025 2960 crura
1046 2896 1220 2962 effractus.
1268 2898 1349 2980 Ipso

401 2999 535 3062 ferebat
551 3017 691 3062 causam
716 2997 824 3062 ruinae
841 2996 933 3080 qnod
950 2994 1096 3059 caudam
1117 2998 1155 3060 in
1170 2997 1353 3080 posteriori

402 3104 503 3180 parte
519 3097 648 3160 oblitus
662 3097 778 3160 fuerit.
1359 3149 1360 3152 ,

453 3196 471 3280 §
486 3195 563 3260 226.
579 3195 732 3260 Similem
745 3188 829 3259 'huic
840 3196 1059 3279 prophetiam
1072 3196 1264 3273 Edwardus
1278 3216 1351 3260 mo·

403 3499 406 3508 -
437 3463 446 3496 ¹
467 3467 602 3529 Hearirus,
621 3465 679 3530 piru
701 3468 865 3516 Renwaoram
888 3467 982 3516 tionem
1001 3468 1116 3530 accepit:
1139 3468 1184 3518 sed
1200 3481 1297 3516 veneno
1316 3469 1355 3516 ni-

402 3538 542 3600 imperator,
551 3531 701 3603 rosnacum]
713 3537 803 3598 Henry
810 3537 863 3587 111.
890 3538 966 3586 miam
977 3539 1046 3586 sitim
1057 3537 1189 3600 inferente,
1196 3537 1299 3599 jussum
1312 3553 1353 3586 ar-

375 3667 378 3672 ,
402 3608 463 3656 died
479 3611 507 3656 nt
518 3606 630 3668 Botseld,
647 3621 680 3654 on
695 3608 738 3656 the
755 3607 864 3657 confines
888 3606 980 3656 chiatri
991 3609 1104 3669 sprevit3
1121 3612 1147 3656 et
1164 3623 1180 3656 a
1194 3608 1353 3657 cubiculario

402 3677 431 3725 of
450 3678 527 3738 Saxo,
549 3677 576 3725 in
597 3676 640 3724 the
658 3681 765 3726 autumn
780 3676 810 3727 oi
822 3677 870 3726 the*
888 3681 976 3738 potum
996 3678 1134 3739 accipiens,
1155 3677 1217 3726 dum
1238 3677 1354 3726 medicus

401 3749 685 3882 raptamimnm]
717 3815 746 3863 G.
765 3817 798 3866 E.
816 3815 862 3876 L.;
889 3747 1069 3866 iibririgetbffi
1087 3748 1353 3878 libbgribtiaeffibiibib

402 3886 460 3935 urbi
471 3886 603 3947 Romanae,
614 3882 648 3934 A.
660 3885 689 3934 S.
702 3885 737 3933 D.
890 3886 932 3936 die
944 3891 1002 3948 post
1012 3887 1198 3948 perceptionem
1217 3899 1297 3935 sacrae
1309 3901 1354 3935 eu-

436 3953 641 4004 ⁸chricusrex
653 3954 865 4005 Francorum...
890 3956 1019 4006 charistia
1044 3956 1125 4006 obiit’
1151 3953 1234 4022 (will.
1252 3955 1353 4006 Gemet.

399 4024 507 4088 potioris
524 4025 613 4073 bonas
631 4020 750 4093 interiit]
776 4025 866 4086 Henry
891 4025 1017 4089 Historia,
1044 4040 1067 4075 c.
1086 4022 1192 4088 xxvru.)
1228 4025 1352 4087 Compare

402 4095 463 4144 died
481 4109 514 4143 on
532 4094 575 4143 the
594 4094 639 4143 ath
658 4094 688 4142 os
702 4095 773 4156 Aug.
792 4098 865 4145 1000.
890 4094 1122 4157 Orderic.Vitaiis,
1133 4111 1159 4156 p.
1172 4099 1231 4145 480.

401 4165 506 4215 ‘Causa
523 4178 650 4226 corporea
668 4165 769 4226 salutis,
785 4179 802 4213 a
818 4165 865 4214 Jo·
925 4159 1354 4234 ⁴Inone.]A.G.D.E.L.;mane,

402 4248 477 4299 anne,
487 4234 642 4284 medicorum
650 4234 812 4296 peritissimo,
821 4249 866 4297 po·
890 4235 919 4286 S.
1205 4265 1207 4272 ι
1307 4245 1309 4249 ’
