3128 4976
390 464 455 528 192
607 477 721 526 essm
745 477 873 524 aucun
896 476 1111 524 nuononuu.
1196 460 1283 541 [nin.
1300 477 1340 523 11.

391 636 517 700 Latino
542 635 734 699 ediscerent
760 653 927 698 sermone.
979 631 1038 697 Ad
1065 651 1184 722 omnes
1213 634 1341 716 princi-

390 737 486 818 pales
509 735 608 798 sedes
631 735 756 798 librum
782 734 873 798 huuc
896 753 960 796 suo
978 733 1080 816 jussu
1106 734 1342 814 conscriptum

390 835 479 899 velle
502 835 749 911 transmittere,
774 852 852 897 cum
879 832 1043 914 pugillari
1075 852 1180 896 aureo
1206 833 1242 894 in
1270 851 1340 913 quo

391 941 483 996 esset
497 953 621 997 manca
635 933 731 1012 auri;
757 932 842 995 nihil
863 932 900 995 in
914 933 984 996 ista
1000 931 1057 995 vel
1072 931 1149 994 aliis
1172 931 1341 1012 interpre-

390 1026 581 1096 tationibus
603 1052 648 1095 ex
671 1051 735 1095 suo
758 1031 883 1107 dicere,
903 1031 964 1094 sed
986 1031 1103 1093 omnia
1125 1049 1147 1092 a
1169 1031 1341 1112 spectabi-

390 1131 481 1195 libus¹
507 1131 591 1196 viris
616 1130 821 1194 Pleimundo
850 1130 1121 1211 archiepiscopo,
1153 1127 1342 1193 Asserione

391 1224 582 1313 ¹episcopo,
595 1229 796 1294 Grimbaldo
808 1228 872 1293 etJ
875 1229 1010 1292 ohanne
1018 1229 1241 1314 presbyteris,
1255 1227 1342 1292 hau-

391 1331 489 1394 sisse.
542 1329 736 1407 Postremo,
759 1337 798 1392 ut
820 1348 955 1392 omnem
972 1328 1081 1392 vitam
1101 1329 1176 1411 ejus
1191 1327 1343 1392 breviter

391 1430 571 1505 elucidem,
586 1429 711 1510 viginti
735 1435 884 1512 quatuor
907 1428 1011 1492 horas
1036 1446 1114 1509 quae
1137 1428 1228 1490 inter
1250 1427 1341 1490 diem

393 1536 428 1592 et
441 1535 577 1593 noctem
595 1528 729 1611 jugiter
747 1534 907 1591 rotantur
926 1527 979 1591 ita
996 1526 1184 1603 dividebat,
1207 1533 1246 1589 ut
1261 1533 1340 1589 octo

393 1626 497 1692 horas
511 1627 547 1691 in
568 1627 748 1690 scribendo
763 1634 798 1690 et
819 1627 966 1708 legendo
989 1631 1025 1688 et
1047 1625 1189 1702 orando,
1212 1633 1291 1688 octo
1305 1625 1342 1688 in

392 1747 476 1790 cura
491 1727 656 1808 corporis,
673 1733 752 1789 octo
770 1726 808 1788 in
831 1724 1046 1806 expediendo
1068 1725 1165 1806 regni
1188 1725 1340 1805 negotia,

392 1827 611 1907 transigeret.
663 1825 749 1888 Erat
770 1825 807 1888 in
826 1825 961 1906 capella
982 1843 1046 1886 sua
1060 1823 1204 1887 candela
1218 1823 1343 1903 viginti

393 1932 543 2006 quatuor
552 1923 715 2006 partium,-
726 1925 954 2006 aedituusque,
967 1924 1023 1987 cui
1033 1923 1108 1986 haec
1119 1923 1345 2004 delegabatur
1362 1917 1364 1920 ’

393 2023 622 2105 providentia,
637 2030 676 2086 ut
691 2043 752 2104 per
766 2023 1037 2086 combustionem
1054 2021 1205 2085 candelae
1226 2025 1342 2102 regem

394 2123 437 2186 de
451 2123 598 2204 singulis
618 2122 818 2186 admoneret
837 2121 968 2185 officiis.
1013 2115 1219 2185 ²Dimidiam
1232 2121 1341 2202 porti·

394 2241 495 2286 onem
511 2222 662 2285 omnium
680 2240 855 2298 censuum,
873 2221 971 2304 juste
995 2221 1168 2284 duntaxat
1190 2219 1341 2302 adquisi-

363 2387 364 2391 ,
393 2329 520 2404 torum,
542 2320 760 2384 monasteriis
784 2321 856 2383 suis
879 2320 1073 2401 delegavit3
1096 2325 1238 2382 cunctos
1254 2338 1343 2402 prae-

308 2491 311 2494 ,
394 2427 491 2482 terea
515 2420 669 2483 redditus
693 2419 730 2482 in
753 2437 871 2502 aequas
899 2418 986 2482 duas
1009 2425 1127 2500 partes
1155 2417 1363 2482 dividebat·

350 2597 353 2601 ι
396 2517 601 2600 Rursusque
613 2519 758 2600 primam
783 2520 820 2580 in
846 2525 928 2596 tres,
951 2537 1096 2599 quarum
1118 2517 1265 2598 primam
1280 2519 1343 2581 mi·

395 2619 513 2682 nistris
541 2619 614 2682 suis
644 2617 849 2696 curialibus3
880 2617 1066 2680 secundam
1094 2617 1345 2697 operatoribus,

342 2777 343 2780 ,
395 2736 483 2799 quos
501 2719 634 2800 jugiter
655 2718 692 2780 in
714 2736 880 2780 novarum
901 2716 1027 2779 aedium
1041 2716 1345 2792 exstructionibus,

395 2817 543 2880 mirabili
558 2823 593 2880 et
607 2817 727 2897 ignoto
742 2813 869 2896 Anglis
886 2815 999 2890 modo,
1013 2814 1184 2893 habehat3
1207 2816 1344 2878 tertiam

395 2916 550 2979 advenis.
614 2913 773 2977 Secunda
800 2934 882 2995 pars
910 2914 1104 2977 reddituum
1132 2914 1183 2976 ita
1212 2914 1342 2978 divide-

395 3015 498 3077 batur
510 3020 550 3076 ut
569 3013 681 3095 prima
692 3013 806 3094 portio
819 3013 961 3076 daretur
973 3013 1181 3095 pauperibus
1195 3013 1345 3093 regionis

396 3130 482 3188 suae,
519 3111 670 3174 secunda
706 3113 933 3188 monasteriis,
969 3113 1074 3175 tertia
1105 3111 1345 3189 scholasticis,

396 3217 521 3292 quarta
536 3211 775 3274 transmarinis
790 3211 954 3274 ecclesiis.
991 3205 1225 3274 ³Judiciorum
1239 3211 1347 3274 asnis

432 3461 593 3529 ¹Episcopo.]
611 3466 738 3527 S.13.1;.;
761 3466 859 3516 archie—
884 3465 1016 3528 charchas,
1033 3467 1155 3516 domestic
1173 3467 1223 3515 and
1241 3466 1347 3530 foreign.

395 3535 510 3597 piscopo,
521 3536 557 3584 D.
569 3535 723 3586 M.-Asser
733 3536 785 3584 had
795 3537 859 3585 been
885 3535 985 3602 (Aeser,
996 3536 1037 3584 De
1049 3537 1113 3586 Reb.
1125 3536 1198 3586 Gest.
1210 3535 1347 3601 Aelfredi.)

396 3604 761 3667 archbishopoiSt.David's.
787 3623 788 3630 ¹
920 3605 1348 3670 ³Judiciorumosuie....osper·

885 3674 963 3724 rimus
973 3675 1113 3738 correctum]
1125 3675 1206 3724 Inthe
1218 3677 1312 3725 Mirror
1321 3678 1351 3726 oi

433 3739 592 3791 'Dimidium
608 3744 742 3806 portionem
756 3743 861 3791 omnium
885 3745 995 3805 Justice,
1006 3758 1063 3805 cap.
1075 3747 1101 3805 2,
1118 3744 1138 3792 it
1155 3745 1177 3794 is
1193 3745 1277 3794 stated
1293 3745 1348 3794 that

397 3811 532 3874 censuum]
550 3814 629 3861 Asser
640 3827 699 3872 says
710 3812 743 3860 he
753 3812 861 3862 devoted
886 3813 1001 3875 Aelsred,
1012 3813 1038 3860 in
1049 3827 1096 3861 one
1108 3829 1179 3877 year,
1192 3814 1346 3864 condemned

398 3881 596 3930 one-hallothis
607 3884 704 3930 income
715 3883 723 3909 ‘
735 3886 760 3930 to
773 3881 831 3932 God
842 3882 862 3941 3’
886 3887 912 3933 to
923 3883 954 3932 be
966 3883 1109 3944 hangedno
1126 3883 1178 3932 less
1193 3883 1254 3932 than
1270 3884 1347 3946 sorty-
1372 3885 1375 3892 '

398 3951 482 4000 which
500 3956 558 4012 part
568 3967 624 4000 was
637 3951 787 4000 afterwards
799 3952 860 3999 sub·
886 3952 944 4001 four
959 3952 1062 4001 inferior
1072 3953 1168 4014 judges
1186 3953 1212 4000 in
1229 3953 1272 4000 the
1283 3953 1349 4002 hun·

398 4021 502 4070 divided
513 4021 552 4070 ior
562 4022 604 4070 the
616 4037 686 4083 poor,
702 4021 741 4070 for
757 4021 799 4069 the
810 4025 861 4069 two
887 4022 950 4070 dred
968 4022 1018 4070 and
1036 4027 1130 4082 county
1140 4025 1225 4070 courts
1235 4021 1274 4070 for
1284 4021 1348 4073 false

397 4092 562 4140 monasterias
572 4091 656 4139 which
667 4091 699 4139 he
710 4091 762 4138 had
771 4089 861 4139 found·
882 4091 1041 4154 Judgments,
1064 4090 1143 4139 either
1164 4091 1191 4138 in
1215 4090 1349 4140 condemn-

397 4159 439 4220 ed,
450 4160 492 4208 the
503 4161 589 4210 school
599 4161 631 4209 he
639 4160 690 4209 had
698 4159 862 4221 established,
886 4162 930 4222 ing
941 4175 970 4208 or
980 4161 1120 4222 acquitting
1126 4175 1183 4208 men
1189 4159 1299 4210 without
1306 4162 1349 4210 the

306 4239 308 4245 ⁴
398 4229 448 4275 and
471 4229 509 4277 for
530 4230 602 4278 other
627 4230 790 4278 monasteries
811 4229 862 4277 and
887 4230 984 4279 verdict
994 4230 1023 4318 of
1030 4245 1046 4278 a
1052 4232 1123 4292 jury.
