3128 4976
389 471 455 536 224
603 462 725 560 Jcnsrn
752 484 879 534 uncuu
904 485 1119 533 Aunuoauu.
1199 469 1342 550 [marr.

391 648 464 704 tum
496 641 713 723 quorundam
746 641 944 704 mussitatio
987 641 1080 722 apud
1114 641 1267 704 animum
1305 642 1342 705 in

390 739 519 802 multas
561 759 664 804 curas
703 740 891 802 distentum
925 739 1048 815 valuit,
1085 747 1124 804 ut
1156 741 1340 821 ephoebum

390 840 495 901 etiam
512 838 666 902 externis
677 838 922 912 miserandum,
933 839 1063 902 oblitus
1074 837 1340 920 consanguineae

390 938 667 1012 necessitudinis,
686 937 878 1018 expelleret
891 959 899 1016 ;
922 937 1080 1000 inaudito
1095 956 1179 1000 sane
1194 938 1340 1002 crudeli·

390 1037 474 1099 tatis
491 1037 605 1114 modo,
625 1043 666 1100 ut
690 1036 786 1100 solus
810 1055 889 1098 cum
917 1037 1090 1116 armigero
1115 1056 1238 1100 navem
1261 1057 1340 1100 oon-

390 1135 554 1198 scendere
574 1134 767 1218 juberetur,
786 1129 933 1215 ¹remige
960 1142 996 1197 et
1014 1135 1159 1215 remigio
1178 1155 1339 1212 vacuam,

391 1242 560 1315 praeterea
575 1240 752 1297 vetustate
761 1227 955 1314 ²quassam.
997 1233 1069 1296 Diu
1081 1233 1254 1298 laboravit
1269 1235 1340 1322 for7

390 1339 477 1395 tuna
503 1341 543 1396 ut
568 1332 739 1396 insontem
762 1339 863 1396 terrae
896 1333 1106 1396 restitueret.
1160 1332 1227 1395 Sed
1261 1353 1340 1396 cum

390 1432 530 1495 tandem
555 1431 592 1495 in
617 1430 730 1495 medio
761 1431 848 1493 mari
879 1431 1029 1494 furorem
1055 1437 1237 1494 ventorum
1262 1432 1340 1496 vela

391 1549 460 1593 non
480 1531 702 1606 sustinerent,
721 1529 791 1606 ille,
809 1524 867 1592 ³ut
885 1530 1088 1592 adolescens
1113 1530 1283 1593 delicatus
1306 1539 1341 1594 et

390 1630 473 1692 vitae
499 1630 535 1692 in
560 1628 690 1692 talibus
712 1636 894 1711 pertaesuS,
920 1622 1140 1692 ⁴voluntario
1163 1629 1199 1691 in
1230 1648 1339 1711 aquas

390 1729 584 1809 praecipitio
608 1736 752 1793 mortem
776 1727 959 1791 conscivit.
1012 1725 1187 1808 Armiger,
1212 1729 1341 1792 saniori

391 1826 534 1889 oonsilio
554 1845 678 1907 passus
700 1827 850 1889 animam
870 1826 1072 1908 producere,
1087 1827 1190 1890 modo
1216 1827 1339 1891 adver·

391 1943 451 1988 sus
480 1924 606 1989 fluctus
638 1923 820 2001 eludendo,
852 1925 956 1988 modo
991 1925 1137 2007 pedibus
1171 1927 1339 1989 subremi-

392 2024 519 2103 gando,
536 2024 665 2086 domini
685 2042 811 2105 corpus
834 2023 877 2085 ad
900 2030 1028 2086 terram
1048 2025 1173 2087 detulit
1189 2033 1339 2105 angusto

392 2124 525 2185 scilicet
549 2142 571 2186 a
594 2123 811 2187 Dorobernia
833 2123 869 2185 in
886 2122 1043 2186 Witsant
1065 2125 1164 2185 mari.
1218 2123 1339 2186 Ethel-

392 2228 527 2299 stanus,
560 2228 744 2304 postquam
778 2222 830 2283 ira
862 2221 1043 2298 deferbuit,
1076 2222 1191 2284 animo
1219 2222 1340 2285 sedato

392 2320 523 2384 factum
557 2321 749 2396 exhorruit,
783 2321 1009 2402 septennique
1043 2322 1250 2402 poenitentia
1283 2340 1340 2384 ac·

393 2426 506 2501 cepta,
536 2421 573 2483 in
603 2420 791 2482 delatorem
824 2419 941 2482 fratris
975 2419 1128 2482 animose
1150 2420 1246 2483 ultus
1275 2427 1339 2482 est.

392 2517 478 2581 Erat
502 2519 561 2582 ille
586 2519 750 2601 pincerna
775 2518 880 2598 regis,
896 2524 932 2580 et
954 2538 1017 2599 per
1041 2517 1106 2580 hoc
1132 2518 1176 2581 ad
1198 2537 1339 2600 persua-

391 2616 503 2680 denda
531 2637 610 2700 quae
641 2617 877 2697 excogitasset
909 2616 1160 2680 accommodus.
1214 2617 1340 2699 Itaque

391 2735 469 2779 oum
485 2717 574 2781 forte
591 2717 645 2780 die
664 2715 798 2779 solenni
813 2715 932 2779 vinum
949 2715 1161 2797 propinaret,
1175 2717 1211 2778 in
1225 2716 1338 2779 medio

391 2816 540 2879 triclinio
565 2836 634 2879 uno
661 2815 748 2897 pede
772 2813 905 2894 lapsus,
938 2814 1048 2878 altero
1081 2833 1118 2876 se
1141 2815 1338 2896 recollegit3

391 2911 486 2990 tnnc,
501 2916 681 2978 occasione
695 2919 850 2994 accepta,
865 2913 971 2976 fatale
980 2913 1045 2976 sibi
1056 2914 1199 2976 verbum
1214 2914 1340 2989 emisit,

391 3011 471 3074 ‘Sic
496 3012 603 3076 frater
635 3011 777 3074 fratrem
803 3010 973 3093 adjuvat.'
1026 3011 1106 3089 Quo
1128 3032 1191 3075 rex
1220 3012 1339 3075 audito

391 3109 559 3190 perfidum
585 3109 785 3174 obtruncari
813 3111 990 3193 praecepit,
1018 3111 1146 3192 saepius
1170 3111 1340 3174 auxilium

391 3209 559 3287 germani,
574 3210 604 3273 si
620 3210 765 3285 viveret,
788 3208 1013 3291 increpitans,
1032 3217 1066 3273 et
1080 3217 1224 3273 mortem
1242 3211 1339 3291 inge-

392 3308 549 3370 miscens

442 3406 548 3489 5140.
581 3407 671 3471 Haec
700 3410 743 3473 de
776 3409 894 3472 fratris
925 3427 1020 3483 nece,
1047 3408 1113 3471 etsi
1139 3406 1341 3470 verisimilia

390 3500 581 3584 ⁵videntur,
607 3527 648 3571 eo
671 3509 785 3571 minus
813 3508 999 3572 corroboro
1023 3507 1117 3587 quod
1147 3505 1339 3568 mirabilem

389 3625 463 3669 suae
491 3606 632 3689 pietatis
658 3607 873 3689 diligentiam
900 3607 936 3670 in
959 3605 1111 3686 reliquos
1137 3604 1262 3667 iratres
1286 3605 1340 3666 in-

425 3825 433 3858 ¹
446 3829 570 3891 erige.]
590 3829 620 3876 C.
632 3829 664 3876 E.
676 3827 725 3887 L.;
743 3828 797 3876 sine
815 3841 853 3875 re·
915 3822 1076 3871 ⁴Voluntnrt'o
1088 3821 1113 3869 iu
1121 3837 1196 3884 equos
1204 3823 1343 3885 praecipitio

389 3900 465 3961 mige‚
477 3898 510 3948 A.
523 3898 552 3947 S.
564 3899 598 3947 D.
879 3896 979 3940 otonem
998 3886 1137 3958 conciuit]
1159 3892 1268 3938 Eadwin
1287 3906 1341 3940 was

423 3997 853 4062 2621ωιωανωῡ·1>·Ε·ῡ·;(ι“”-
879 3962 1001 4078 limini
1018 3961 1278 4078 tutudisti
1298 3961 1343 4077 il}

388 4069 564 4131 satam’A'S'
878 4046 1232 4148 coedmaddofnethelsun.’
1266 4044 1282 4089 y

344 4205 345 4210 ,
423 4166 507 4238 ³Ut.]
528 4172 557 4219 C.
570 4171 605 4218 D.
625 4170 657 4218 Ε.
674 4169 729 4228 Μ.;
746 4167 851 4217 omitted
914 4167 1080 4231 ⁶Videntur.]
1100 4170 1129 4216 C.
1150 4168 1185 4216 D.
1206 4168 1254 4227 E.;
1272 4167 1342 4214 vide-

387 4240 500 4290 inm.
511 4240 543 4288 L.
877 4237 1046 4299 annuas.
1059 4238 1090 4286 L.
