3112 4968
182 489 249 538 nra.
268 471 324 554 11.]
406 488 519 538 unsre
543 487 670 536 nnoun
695 487 910 538 naccoauu.
1071 471 1135 540 301

185 647 275 723 bem,
293 664 363 729 qua
386 643 492 709 fluvio
509 643 673 708 Tamensi
695 663 763 710 non
792 645 945 722 alluitur,
969 645 1053 710 soris
1081 653 1140 710 to·¹

186 751 258 808 tam
280 745 449 820 cinxerat,
471 743 649 826 multaque
665 743 811 807 vulnera
833 744 962 808 iecerat
985 751 1020 808 et
1037 763 1135 808 acce-

185 849 297 926 perat.
349 843 487 925 Itaque,
502 842 621 908 audito
636 843 726 924 regis
742 842 906 920 adventu,
926 837 1060 924 ¹fugam
1074 863 1140 926 per

185 960 297 1027 prona
325 941 517 1006 invadunt:
549 942 754 1005 subsecutus
778 961 838 1008 eos
867 961 887 1006 e
915 943 1077 1023 vestigio,
1100 949 1137 1006 et

186 1041 332 1112 transito
355 1040 445 1105 vado
465 1040 557 1123 quod
581 1040 767 1104 Brentsord
789 1041 926 1128 dicitur,
948 1041 1140 1106 victoriosa.

186 1147 303 1221 strage
333 1139 470 1205 delevit.
530 1139 690 1220 ¹Reliqua
719 1139 916 1217 multitudo,
948 1159 1026 1222 quae
1057 1159 1136 1204 cum

187 1237 347 1302 Cnutone
371 1244 596 1315 remanserat,
612 1238 794 1303 Edmundo
818 1239 1069 1321 aliquantulum
1085 1239 1140 1304 fe-

185 1339 275 1401 riato
291 1343 327 1400 et
340 1344 458 1418 partes
480 1356 562 1402 suas
579 1344 817 1418 componente,
833 1337 1050 1402 Londoniam
1071 1338 1141 1402 ite,
1244 1352 1248 1358 ’

186 1456 263 1502 rum
285 1443 378 1500 terra
391 1435 598 1518 flumineque
621 1436 779 1516 obsidet3
802 1437 863 1499 sed
886 1437 930 1500 ab
953 1436 1140 1520 oppidanis·

186 1536 452 1616 magnanimiter
467 1535 702 1617 pugnantibus
723 1535 874 1617 repulsa,
898 1535 985 1600 iram
1006 1536 1043 1598 in
1064 1537 1139 1601 col-¹

185 1634 398 1702 limitaneam
421 1634 588 1698 Marciam
615 1633 772 1711 effundit,
786 1635 881 1698 vicos
906 1641 941 1699 et
954 1635 1056 1700 villas
1078 1653 1135 1698 ra-

185 1734 289 1816 pinis,
312 1733 491 1810 incendiis,
506 1733 726 1816 caedibusque
741 1733 967 1816 depopulans.
1010 1733 1139 1816 Opima

185 1831 305 1914 praeda
327 1832 371 1895 ad
397 1850 504 1896 naves
531 1838 698 1896 convecta
720 1851 807 1914 quas
833 1833 870 1895 in
893 1851 994 1896 amne
1015 1832 1138 1897 Mede·

187 1931 292 2012 guaia
313 1938 608 2013 congregaverat:
636 1929 762 1995 fluvius
790 1931 848 1994 ille
871 1930 1059 1995 Rofensem
1076 1951 1139 1994 ur-

186 2031 265 2094 bem
295 2029 546 2113 praeterfluens,
578 2022 752 2094 riolentus
780 2037 816 2094 et
847 2031 965 2112 rapaci
996 2031 1137 2112 gurgite

187 2130 318 2206 minax,
335 2128 464 2194 moenia
478 2128 623 2212 pulchra
639 2127 747 2193 lavat.
800 2128 887 2193 Inde
900 2146 1038 2212 quoque
1053 2149 1136 2211 rege

99 2223 102 2228 ’
188 2234 365 2311 pugnante
402 2227 536 2308 iugata,
566 2234 877 2310 praeoccupatoque
910 2226 1005 2298 vada
1042 2228 1136 2310 quod

187 2325 345 2408 superius
370 2324 545 2390 nominavi
567 2325 764 2402 Brentford,
786 2326 915 2407 insigni
939 2325 1033 2390 caede
1054 2346 1139 2408 pro-f

187 2425 320 2508 fligata.
373 2423 565 2489 Conantem
587 2423 732 2489 ulterius
747 2424 888 2488 tendere
903 2424 1136 2504 Edmundum,

187 2533 227 2590 ut
257 2524 421 2606 reliquias
443 2524 645 2605 praedonum
673 2531 937 2607 persequeretur
959 2525 1005 2612 ad
1027 2525 1137 2589 inter-

188 2624 378 2699 necionem,
401 2622 498 2687 vafer
521 2623 580 2686 ille
604 2630 640 2687 et
663 2623 834 2704 pessimus
859 2623 1004 2688 Edricus
1035 2643 1140 2688 ravo-⁷

188 2723 294 2799 cavit,
308 2721 389 2786 ficto
398 2721 602 2806 jamdudum
612 2722 726 2786 animo
740 2722 776 2784 in
794 2720 943 2802 gratiam
955 2741 1135 2803 reversus3

189 2821 334 2886 consilio
363 2821 454 2885 euim
481 2819 650 2885 Cuutonis
677 2840 755 2884 cum
778 2820 961 2884 Edmundo
987 2828 1074 2898 erat,
1096 2829 1136 2886 ut

188 2920 264 3004 ejus
279 2919 520 2984 meditationes
545 2919 773 2983 renunciaret.
820 2917 973 2982 Ultimus
987 2918 1047 2983 ille
1062 2920 1136 2984 dies

190 3019 302 3084 Danis
325 3017 480 3100 profecto
495 3017 618 3082 fuisset
633 3018 664 3081 si
678 3018 969 3101 perseverandum
985 3038 1048 3082 rex
1070 3037 1136 3102 pu·

188 3125 319 3198 tasset3
346 3117 407 3182 sed
430 3125 628 3199 praeventus
652 3115 711 3203 (ut
732 3115 823 3202 dixi)
849 3135 990 3182 susurro
1018 3118 1140 3200 prodi-

189 3218 287 3294 toris,
311 3217 372 3299 qui
398 3216 515 3281 hostes
540 3217 624 3280 nibil
649 3216 743 3280 ultra
766 3233 913 3281 ausuros
938 3216 1137 3295 affirmaret,

187 3323 361 3380 maturum
391 3315 457 3378 sibi
488 3315 632 3380 exitium
664 3321 700 3380 et
724 3312 864 3396 Angliae
891 3316 958 3382 toti
988 3316 1138 3398 paravit.

190 3413 352 3494 Namque
377 3411 440 3488 illi,
463 3412 546 3477 data
560 3413 619 3478 via
635 3411 803 3492 fugiendi,
824 3412 948 3477 iterum
970 3415 1007 3476 in
1031 3433 1138 3478 unum

189 3512 358 3588 coaluere,
375 3509 571 3575 Orientales
586 3510 723 3592 Anglos
733 3511 824 3576 bello
840 3510 1066 3591 infestantes3
1084 3513 1138 3594 ip·

188 3631 267 3677 sum
294 3629 431 3694 quoque
462 3629 591 3692 regem,
614 3609 792 3692 suppetias
829 3609 1006 3687 serentem,
1044 3611 1137 3694 apud
1150 3636 1254 3678 11111111

188 3708 435 3775 Assandunam
452 3708 571 3772 cedere
587 3717 786 3794 coegerunt.
826 3706 1031 3794 Auspicium
1043 3709 1137 3791 fugae
1150 3688 1265 3728 “mm

189 3809 255 3874 fuit
283 3809 343 3874 ille
372 3826 418 3871 ex
456 3808 627 3886 consulto,
656 3826 758 3890 quem
796 3808 924 3872 totiens
959 3809 1137 3874 nominare

188 3908 308 3998 pudet.
359 3903 469 3971 Pauci
485 3907 544 3990 qui
557 3906 678 3988 gloriae
692 3925 765 3970 suae
779 3925 849 3970 non
864 3907 1091 3985 immemores,
1103 3916 1138 3973 et

187 4007 375 4072 alterutros
399 4007 606 4083 excitantes,
623 4025 774 4070 cuneum·
784 4005 949 4083 fecerant,
965 4006 1012 4070 ad
1031 4026 1138 4070 unum

368 4245 376 4278 ¹
389 4247 509 4310 Fugam]
527 4246 561 4297 A.
576 4249 605 4298 C.
617 4247 652 4297 D.
664 4247 697 4295 E.
709 4247 756 4308 L.;
773 4247 877 4296 omitted
887 4247 914 4295 in
926 4246 954 4298 S.
