3112 4968
227 491 370 571 nra.11.]
452 504 566 552 unsri
589 503 716 550 ancon
740 497 955 550 Anononou.
1114 487 1180 552 327

229 662 463 730 tundentibus.
510 660 631 725 Finita
652 659 772 735 missa,
787 659 907 740 egenis
922 678 985 741 per
1001 677 1178 741 praecones

228 761 465 838 conclamatis,
490 778 610 823 omnes
626 758 734 841 dapes
751 777 830 840 quae
853 758 920 821 sibi
940 764 976 822 et
991 758 1178 822 curialibus

229 864 441 945 parabantur
469 859 505 923 in
539 877 623 922 usus
647 876 764 921 eorum
795 856 978 936 exhausit3
1008 858 1084 940 ipse
1116 859 1176 921 ob·

228 962 329 1026 sonia
345 978 535 1043 apponens,
549 959 624 1040 ipse
636 956 744 1040 juxta
762 956 979 1039 disciplinam
1002 957 1176 1020 ministro-

229 1079 306 1124 rum
323 1060 366 1124 de
379 1060 484 1140 longe
507 1057 713 1134 consistens,
729 1056 805 1139 ipse
827 1055 1004 1139 superflua
1022 1056 1177 1120 ciborum

228 1161 442 1240 abstergens..
1033 1209 1035 1212 .

281 1258 299 1341 §
315 1258 391 1322 193.
415 1256 585 1338 Tempore
605 1253 757 1319 Conradi
774 1254 885 1337 patris
901 1272 923 1317 a
940 1255 1089 1335 quodam
1106 1256 1174 1320 cle·
1189 1278 1298 1330 areana.
1397 1276 1400 1282 ·

230 1357 301 1421 rico
327 1346 488 1421 fistulam
503 1354 633 1420 tulerat
655 1359 857 1434 argenteam
879 1357 949 1435 qua
972 1355 1072 1435 pueri
1094 1354 1177 1419 ludo
1345 1354 1347 1362 '

232 1476 359 1538 aquam
369 1455 583 1540 jaculantur,
598 1459 722 1535 pactus
737 1453 975 1534 episcopatum
994 1472 1072 1515 cum
1087 1454 1177 1519 foret

229 1556 428 1638 imperator.
465 1552 618 1617 Adultus
637 1551 808 1634 repetenti
822 1551 1016 1634 pollicitum
1031 1552 1177 1634 impigre

230 1654 392 1733 dederat3
416 1671 479 1716 nec
497 1651 608 1715 multo
629 1658 721 1733 post,
737 1668 862 1732 aspera
878 1651 1077 1715 valetudine
1100 1672 1176 1716 cor·

231 1751 544 1837 reptus,decubuit.
579 1749 704 1814 Morbo
715 1756 903 1827 crescente,
913 1750 1029 1814 triduo
1039 1743 1176 1814 ¹exsen-

231 1872 291 1916 sus
315 1861 352 1917 et
367 1855 484 1915 mutus
501 1850 626 1933 jacuit,
641 1868 718 1912 cum
741 1849 778 1910 in
803 1849 878 1912 solo
902 1855 1041 1930 pectore
1058 1849 1176 1914 vitalis

230 1951 360 2016 halitus
382 1949 589 2034 palpitaret3
612 1967 677 2011 nec
698 1947 793 2010 aliud
808 1947 891 2012 vitae
913 1947 1078 2012 indicium
1101 1957 1178 2013 erat

231 2070 336 2134 quam
351 2050 457 2132 quod,
474 2065 580 2110 manu
597 2046 642 2110 ad
655 2065 757 2110 nares
779 2047 952 2128 apposita,
969 2049 1176 2128 quantulus·

231 2169 367 2232 cunque
394 2148 608 2211 sentiebatur
637 2145 821 2209 anhelitus.
885 2145 1050 2229 Episcopi
1085 2165 1176 2228 prae·

232 2255 361 2325 sentes,
369 2246 530 2311 triduano
539 2244 671 2307 indicto
681 2243 830 2327 jejunio,
838 2243 1026 2326 lachrymis
1038 2250 1073 2307 et
1085 2245 1177 2309 votis

230 2368 294 2432 pro
323 2347 398 2411 vita
427 2345 520 2426 regis
551 2360 695 2425 superos
723 2342 932 2424 pulsabant;
972 2344 1110 2425 quibus,
1137 2352 1177 2409 ut
1256 2345 1258 2349 ’

129 2480 132 2488 ·
230 2446 324 2512 credi
338 2445 391 2508 fas
405 2450 470 2520 est,
485 2442 643 2507 remediis
659 2440 916 2519 convalescens,
932 2442 1080 2506 accitum
1103 2443 1177 2524 epi·

232 2565 375 2628 scopum
398 2562 500 2626 quem
524 2541 654 2624 injuste
679 2541 821 2617 fecerat,
846 2542 1021 2605 sententia
1042 2542 1180 2606 concilii

232 2645 411 2728 deposuit:
435 2640 611 2725 professus
635 2659 673 2703 se
699 2646 775 2704 toto
797 2639 913 2704 triduo
932 2641 1106 2705 daemones
1127 2641 1180 2703 in·

234 2746 342 2808 festos
357 2742 486 2808 vidisse
509 2740 683 2804 flammam
704 2738 741 2802 in
766 2757 803 2801 se
827 2757 890 2821 per
911 2739 1065 2804 fistulam
1076 2738 1179 2822 jacu-

232 2846 357 2920 lantes,
375 2841 549 2904 flammam
561 2838 648 2903 adeo
662 2838 874 2921 pertinacem
889 2844 930 2901 ut
945 2845 1063 2902 noster
1076 2839 1180 2920 ignis,

233 2944 269 3007 in
302 2940 560 3025 comparatione
589 2938 696 3014 illius,
720 2937 823 3021 jocus
853 2943 997 3019 putetur
1029 2944 1065 3000 et
1093 2937 1180 3001 nihil

233 3043 356 3106 calere.
408 3039 580 3105 Juvenem
603 3038 696 3101 inter
715 3036 1094 3101 haec'semiustulatum
1118 3036 1180 3101 ad·

232 3149 406 3217 ventasse,
438 3139 605 3202 ferentem
632 3136 810 3200 immensae
840 3134 1091 3217 magnitudinis
1122 3154 1181 3200 ca·

232 3243 332 3304 licem
363 3257 506 3302 aureum
534 3255 628 3319 aqua
658 3236 821 3318 plenum3
857 3235 957 3318 cujus
983 3233 1116 3298 visione
1145 3242 1182 3298 et

233 3340 347 3403 laticis
363 3337 545 3420 aspergine
553 3334 746 3411 delinitum,
760 3333 925 3397 extinctis
940 3333 1133 3412 ardoribus,
1143 3334 1180 3396 in

233 3437 420 3502 sanitatem
452 3435 617 3499 evasisse.
685 3431 880 3514 Ephoehum
912 3430 1012 3494 illum
1039 3432 1181 3495 beatum
1281 3469 1288 3480 ·

233 3538 340 3601 fuisse
358 3533 596 3610 Laurentium,
619 3529 720 3614 cujus
745 3529 899 3594 ecclesiae
924 3535 1054 3593 tectum
1075 3530 1182 3611 longa

234 3638 326 3700 carie
357 3632 564 3698 dissolutum
594 3629 858 3713 compaginarit,
887 3635 924 3692 et
954 3635 1082 3711 praeter
1112 3628 1183 3693 alia

235 3736 340 3800 xenia
356 3733 462 3797 calice
476 3750 582 3796 aureo
597 3728 844 3793 honorificarit.

286 3832 394 3919 5194.
429 3831 626 3895 Occurrunt
650 3828 717 3892 hoc
743 3828 821 3890 loco
847 3845 925 3908 quae
952 3825 996 3889 de
1020 3824 1082 3888 illo
1107 3825 1183 3890 viro

235 3936 396 3998 feruntur
410 3949 538 4012 magna
553 3925 734 4004 miracula,
747 3933 788 3990 ut
801 3925 844 3989 de
861 3944 965 3990 cerva
979 3944 1059 4007 quae
1073 3924 1184 4002 illum,

237 4034 394 4096 inimicos
419 4030 639 4112 fugitantem,
664 4025 758 4090 ultra
781 4023 1015 4089 invadabilem
1040 4023 1186 4088 fluvium·

383 4269 391 4301 ¹
404 4263 553 4337 Examen]
571 4269 601 4318 S.
611 4285 618 4330 ;
630 4269 664 4317 all
676 4268 718 4317 the
731 4268 807 4316 MSS.
819 4267 880 4316 read
890 4267 898 4295 ‘
907 4265 1040 4315 exsensis!
