3162 4972
406 469 472 534 162
624 479 882 527 cnsranneuu
906 479 1123 528 auouoauu.
1217 465 1306 547 [ura.
1322 482 1361 528 11·

248 662 352 704 cnara·
408 642 461 705 tui
489 638 642 723 episcopi
671 645 707 702 et
737 636 906 701 satellites
930 637 1083 713 venient,
1111 637 1172 719 qui
1206 636 1364 700 similiter

249 715 326 754 virleu.

410 747 529 805 amant
552 758 643 802 nunc
665 737 812 802 lacere-'¹
865 736 911 800 Et
927 736 1008 798 dum
1032 736 1107 799 haec
1124 736 1363 800 tremibundus

410 839 655 914 auscultarem,
670 856 761 913 ecce,
780 836 956 916 nigerrimi
969 836 1143 899 daemones
1159 836 1362 900 advolantes

411 959 488 1004 cum
518 938 617 1002 uncis
646 935 758 1018 igneis
788 934 953 1000 volebant
981 935 1239 1017 apprehendere
1266 934 1362 997 filum

412 1037 574 1120 glomeris
588 1056 691 1118 quem
708 1036 746 1097 iu
765 1053 872 1097 manu
894 1035 1065 1111 tenebam,
1080 1034 1175 1098 etad
1191 1053 1229 1096 se
1251 1040 1362 1096 attra-

412 1138 493 1200 here
506 1157 515 1216 3
542 1135 615 1212 sed,
629 1134 927 1199 reverberantibus
941 1133 1048 1196 radiis
1074 1123 1168 1196 illius
1187 1133 1365 1214 glomeriS,
1379 1211 1381 1215 Ι

413 1256 482 1300 non
496 1236 659 1300 valebant
672 1234 767 1297 filum
783 1231 995 1314 contingere.
1033 1232 1182 1320 Deinde,
1197 1239 1277 1314 post
1293 1239 1363 1295 ter-

413 1355 496 1417 gum
512 1354 625 1398 meum
648 1339 837 1408 curreutes,
852 1332 1036 1396 voluerunt
1061 1351 1116 1396 me
1142 1331 1364 1407 aduncinare,

413 1442 449 1498 et
471 1435 508 1498 in
532 1434 627 1517 ipsos
650 1439 774 1514 puteos
797 1430 1002 1513 sulphureos
1030 1431 1268 1514 praecipitare:
1302 1431 1365 1493 sed

413 1534 536 1597 ductor
564 1551 672 1608 meus,
700 1532 761 1613 qui
789 1532 953 1613 portabat
984 1529 1181 1612 glomerem,
1214 1529 1365 1613 jactavit

413 1651 518 1716 super
532 1631 693 1714 scapulas
701 1630 797 1693 filum
812 1629 987 1710 glomeris
1002 1637 1038 1693 et
1050 1629 1241 1712 duplicavit
1253 1628 1364 1705 illum,

414 1731 591 1811 traxitque
618 1729 753 1793 sortiter
774 1736 855 1810 post
877 1723 976 1807 ¹'me;
1006 1729 1124 1809 sicque
1147 1728 1365 1792 ascendimus

414 1849 519 1912 super
542 1836 677 1892 montes
697 1827 884 1892 altissimos
905 1829 1039 1909 igneos,
1062 1829 1105 1891 de
1130 1829 1254 1909 quibus
1277 1827 1366 1890 orie

413 1931 540 1992 bantur
553 1926 697 2009 paludes
713 1934 749 1991 et
762 1926 904 1990 flumina
919 1926 1100 2004 ferventia,
1120 1934 1156 1990 et
1168 1927 1283 1990 omnia
1292 1946 1365 1989 me*

414 2028 577 2091 tallorum
601 2044 729 2108 genera
744 2024 936 2103 bullientia,
954 2027 1015 2090 ubi
1036 2026 1149 2109 reperi
1169 2027 1366 2088 innumeras

414 2128 549 2190 animas
563 2126 738 2190 hominum
756 2132 793 2188 et
805 2126 999 2207 principum
1020 2126 1130 2207 patris
1151 2126 1219 2188 mei
1233 2132 1268 2189 et
1282 2119 1365 2187 ²sra·

416 2233 508 2290 trum
530 2223 681 2289 meorum
710 2223 958 2307 praecipitatas,
989 2224 1077 2288 alias
1105 2243 1216 2307 usque
1240 2224 1286 2287 ad
1309 2242 1368 2305 ca-

416 2326 532 2408 pillos,
546 2325 633 2387 alias
648 2343 758 2406 usque
774 2323 818 2386 ad
829 2330 994 2399 mentum,
1009 2324 1096 2387 alias
1112 2324 1273 2404 usquead
1291 2342 1367 2385 um·

418 2423 558 2487 bilicum
571 2443 580 2502 3
596 2422 901 2503 clamaveruntque
915 2422 960 2485 ad
975 2442 1029 2485 me
1044 2422 1218 2506 ejulando,
1240 2427 1262 2456 “
1273 2423 1366 2486 Dum

420 2523 584 2600 viximus,
600 2523 791 2586 amavimus
814 2528 940 2598 tecum,
963 2529 999 2585 et
1021 2541 1099 2584 cum
1122 2527 1221 2605 patre
1243 2529 1316 2599 tuo,
1334 2529 1368 2585 et

419 2642 498 2686 cum
512 2622 677 2687 fratribus
691 2621 773 2698 tuis,
796 2627 833 2684 et
854 2640 932 2684 cum
954 2621 1134 2684 avunculis
1151 2621 1233 2698 tuis,
1255 2621 1368 2686 facere

418 2722 551 2805 praelia,
577 2729 613 2786 et
637 2720 832 2796 homicidia,
860 2727 897 2784 et
924 2719 1063 2803 rapinas
1089 2739 1153 2802 pro
1180 2721 1369 2802 cupiditate

420 2828 577 2899 terrena3
600 2820 678 2884 ideo
691 2821 727 2882 in
742 2820 812 2882 ista
832 2818 1013 2883 bullientia
1026 2819 1179 2896 flumina,
1195 2827 1231 2883 et
1247 2821 1368 2884 metal-

419 2919 532 2983 lorum
545 2914 695 2983 ³diversa
709 2936 850 2998 genera,
865 2919 1074 2983 sustinemus
1083 2909 1288 2983 tormenta”
1323 2920 1370 2983 Et

420 3037 499 3081 cum
513 3017 557 3080 ad
572 3016 647 3080 haec
663 3016 804 3080 timidus
827 3016 1052 3094 intenderem,
1067 3018 1185 3081 audivi
1200 3025 1293 3082 retro
1315 3039 1369 3082 me

419 3117 554 3178 animas
568 3116 729 3191 clamare,
740 3115 937 3180 “Potentes
948 3124 1109 3199 potenter
1122 3124 1295 3182 tormenta
1308 3137 1370 3200 pa·

421 3214 583 3278 tientur.’'
635 3214 681 3278 Et
697 3215 846 3298 respexi,
861 3223 897 3280 et
909 3216 981 3280 vidi
991 3235 1095 3298 super
1111 3215 1206 3298 ripas
1220 3217 1370 3280 fluminis

420 3313 597 3379 bullientis
619 3313 777 3380 fornaces
806 3314 922 3397 piceas
948 3322 984 3379 et
1011 3315 1228 3397 sulphureas,
1250 3317 1370 3399 plenas

421 3415 557 3495 magnis
585 3414 791 3477 draconibus
814 3421 850 3476 et
874 3415 1111 3496 scorpionibus
1135 3424 1171 3479 et
1202 3417 1370 3498 serpenti-

421 3509 486 3576 bu's
501 3513 628 3578 diversi
651 3513 807 3594 generis3
832 3512 891 3576 ubi
906 3513 1010 3576 etiam
1025 3513 1096 3577 vidi
1111 3513 1246 3597 aliquos
1261 3516 1369 3597 patris

420 3613 488 3676 mei
511 3613 695 3695 principes
719 3619 754 3676 ct
776 3631 871 3675 meos
887 3619 922 3676 et
937 3611 1082 3676 fratrum
1105 3633 1271 3691 meorum,
1292 3627 1370 3677 nec*-

420 3730 491 3773 uon
501 3717 536 3774 et
545 3710 793 3774 avunculorum
808 3731 973 3788 meorum,
983 3711 1136 3776 dicentes
1150 3713 1246 3790 mihi,
1257 3712 1370 3776 “Heu

423 3810 534 3886 nobis,
552 3808 702 3873 Karole!
727 3810 824 3873 vides
845 3830 948 3893 quam
974 3813 1097 3893 gravia
1111 3812 1276 3877 habemus
1300 3821 1372 3878 tor.-

457 4049 463 4078 ¹
477 4053 542 4115 Ma]
559 4054 610 4112 Ε.;
627 4067 664 4112 se,
675 4049 709 4102 A.
722 4051 751 4100 S.
764 4054 793 4101 C.
806 4052 841 4100 D.
850 4052 882 4101 L.
907 4052 1372 4116 ‘cognatorum,’probablyfor‘av1m-

454 4121 594 4170 'Fratrum
604 4121 730 4182 morum]
748 4119 781 4168 A.
801 4122 830 4170 S.
853 4123 883 4172 C.
908 4121 1041 4171 culorum!

419 4189 454 4238 D.
466 4191 516 4251 E.;
533 4191 598 4239 aster
611 4190 754 4250 ‘meorum,’
766 4190 797 4239 L.
808 4192 883 4239 reads
943 4188 954 4218 ³
966 4185 1095 4257 Diversa]
1110 4189 1144 4242 A.
1154 4191 1183 4241 S.
1194 4193 1224 4242 C.
1233 4193 1265 4240 E.
1273 4191 1304 4240 L.
1315 4207 1323 4252 ;
1334 4190 1373 4241 di·

422 4260 430 4286 ‘
438 4265 464 4307 et
474 4261 603 4323 meorum,’
619 4260 669 4308 aud
685 4261 712 4307 in
731 4259 773 4308 the
785 4262 882 4321 margin
907 4274 1045 4323 versorum,
1056 4260 1091 4309 D.
1102 4261 1142 4308 M.
