3162 4972
218 481 288 528 nm.
306 463 347 542 1.]
440 477 554 524 ensrn
578 477 704 524 annun
729 475 941 524 nnouoauu.
1035 480 1040 491 ·
1110 459 1174 523 111

220 640 415 716 satagente,
443 632 618 712 congestis
644 631 799 713 pecuniae
825 630 967 696 talentis
993 632 1086 714 apud
1104 632 1175 713 Eg-

221 734 348 799 fridum
357 732 513 796 redemit.
567 730 654 795 Post
665 730 751 806 haec,
764 724 878 812 ¹regni
895 751 986 794 anno
1003 732 1177 795 tricesimo
1191 747 1300 808 netpnrea

186 836 190 843 '
222 835 258 898 in
282 832 458 897 Bardenia
483 819 840 911 regulariter'tonsuS,
863 831 973 912 primo
999 832 1035 908 in
1058 850 1177 893 mona·
1191 799 1303 889 papam

224 934 338 1009 chum,
356 951 440 996 mox
468 931 503 993 in
526 931 699 1007 abbatem,
721 929 889 993 alteratus
912 937 977 994 est.
1031 929 1102 993 Hic
1125 937 1180 994 est

227 1033 298 1115 qui,
328 1038 640 1112 contemporaneus
662 1028 737 1092 Inae
758 1030 851 1110 regis
869 1029 1180 1105 west-Saxonum,

225 1126 466 1215 ²privilegium
482 1129 574 1211 quod
596 1138 738 1192 sanctus
754 1126 936 1192 Aldelmus
954 1149 976 1192 a
991 1129 1118 1206 Roma,
1141 1136 1181 1193 ut

229 1230 464 1315 praediximus,
494 1228 624 1303 attulit,
647 1247 711 1291 sua
734 1247 871 1310 quoque
894 1231 1102 1292 auctoritate
1124 1249 1180 1292 ro-

229 1330 377 1394 boravit.
417 1329 528 1410 Regis
546 1327 700 1411 ejusdem
716 1325 1091 1392 Northanhimbrorum
1109 1328 1180 1410 Eg-

230 1429 309 1493 fridi
333 1427 517 1508 Ostgidam
542 1446 694 1492 sororem
720 1427 843 1490 habuit
870 1447 1027 1505 uxorem,
1041 1448 1087 1492 ex
1113 1447 1183 1510 qua

233 1529 342 1592 filium
359 1526 565 1591 Ceolredum
582 1527 746 1608 suscepit.

269 1627 352 1711 §7a
371 1626 504 1690 Statuit
513 1625 579 1688 sibi
594 1645 828 1689 successorem
845 1625 1057 1703 Kenredum,
1075 1627 1184 1689 filium
1197 1644 1312 1691 cainaea,

232 1726 350 1790 fratris
369 1724 541 1802 Wulferii,
568 1725 628 1806 qui
651 1725 781 1807 pietate
803 1727 840 1789 in
861 1727 987 1804 Deum,
1011 1728 1185 1808 probitate
1197 1696 1253 1736 ω’
1263 1693 1307 1733 ⁷⁰4'

233 1827 269 1890 in
284 1825 445 1908 patriam,
459 1824 679 1906 perinsignis
694 1844 823 1906 magna
838 1845 971 1904 morum
989 1826 1187 1889 sinceritate

235 1927 344 1990 vitam
367 1925 530 2001 cucurrit,
559 1917 768 2005 ³quintoque
792 1927 890 2007 regni
919 1945 1009 1988 anno
1036 1925 1186 1989 Romam
1199 1943 1310 1985 anan.

236 2027 286 2088 ire
326 2043 486 2106 pergens,
522 2023 692 2104 reliquum
725 2026 890 2106 temporis
922 2025 993 2088 illic
1026 2025 1188 2106 religiose

238 2124 435 2205 complevit,
452 2123 603 2185 maxime
621 2124 818 2188 miserando
836 2125 933 2188 exitu
953 2124 1072 2187 militis
1094 2144 1187 2188 com-

240 2231 411 2306 punctus;
435 2222 506 2304 qui,
523 2214 537 2252 ⁴
543 2229 583 2284 ut
598 2221 696 2284 Beda
711 2222 826 2300 refert,
845 2243 923 2287 cum
940 2223 1098 2288 confiteri
1114 2243 1188 2286 sce-

240 2323 313 2388 lera
335 2341 399 2385 sua
420 2341 526 2384 sanus
550 2321 774 2402 superbisset,
788 2323 824 2384 in
841 2325 962 2387 mortis
973 2323 1085 2407 janua
1107 2343 1189 2386 con·

240 2423 395 2498 stitutus,
418 2427 537 2503 aperte
556 2420 645 2485 vidit
663 2421 837 2486 daemones
859 2431 1019 2487 auctores
1040 2423 1085 2486 ad
1107 2443 1189 2504 sup-

240 2522 355 2604 plicia,
382 2520 508 2602 quibus
532 2521 685 2584 animum
718 2520 909 2586 indulserat
935 2522 1191 2586 blandientibus

242 2621 286 2685 ad
303 2620 447 2686 scelera.

293 2721 382 2804 §79.
408 2719 495 2783 Post
519 2719 617 2782 illum
649 2719 810 2802 regnavit
834 2714 1050 2797 ⁵Chelredus,
1076 2719 1193 2802 patrui
1204 2739 1310 2786 cenna,

243 2820 297 2882 sui
326 2818 501 2883 Ethelredi
527 2818 630 2893 filius,
648 2819 739 2882 sicut
764 2819 894 2883 virtute
927 2789 1314 2884 contra⁶1nam¹⁴'¹'·⁷⁰⁹‘

243 2919 421 2996 mirabilis,
446 2919 498 2981 ita
523 2919 709 2983 immatura
739 2927 850 2983 morte
882 2919 1108 2998 miserabilis3
1146 2920 1193 2982 si-

243 3017 392 3100 quidem,
408 3037 478 3082 non
488 3008 579 3082 ⁷octo
590 3037 699 3081 annos
714 3038 821 3100 regno
831 3020 1060 3095 satisfaciens,
1071 3017 1194 3082 Liche-

245 3118 345 3182 ieldae
372 3118 532 3181 conditus
558 3126 622 3194 est,
651 3117 771 3182 relicto
791 3112 1019 3188 ⁸Ethelbaldo
1047 3109 1337 3229 haeredaipprppa

279 3317 384 3379 ¹Regai
395 3331 457 3365 anno
468 3315 589 3364 tricesim
605 3315 632 3362 in
644 3315 710 3363 Bar·
769 3314 779 3343 ³
803 3304 955 3378 mndata]
990 3313 1124 3375 Geblraed,
1154 3314 1197 3362 the

245 3387 317 3436 denia
332 3386 480 3448 regulariter
491 3385 594 3447 tonum]
611 3384 709 3432 Aethil-
734 3399 779 3432 son
800 3385 831 3432 of
848 3384 989 3446 Aethilred,
1000 3383 1141 3433 succeeded
1157 3383 1197 3432 his

245 3459 290 3506 red
302 3455 445 3516 abdicated,
456 3454 504 3502 and
517 3455 618 3502 entered
630 3455 710 3501 intoa
734 3455 823 3502 cousin
836 3453 905 3502 Α.Ι).
918 3457 974 3501 709.
1011 3451 1105 3518 (Beda,
1115 3454 1161 3501 lib.
1172 3468 1196 3503 v.

246 3527 367 3575 monastic
384 3525 429 3572 lite
448 3528 475 3572 nt
493 3523 621 3584 Bardney,
638 3522 709 3572 Α.Ι).
734 3539 757 3572 c.
770 3526 811 3584 lo,
822 3523 835 3584 b
846 3519 917 3584 412.)

247 3599 306 3655 704,
325 3594 375 3642 and
385 3607 441 3641 was
457 3592 599 3641 succeeded
617 3593 652 3652 by
668 3591 708 3639 his
769 3613 780 3644 a
791 3614 917 3677 [mm
934 3617 956 3663 c
971 3614 1098 3663 ΕΙὝΜ
1115 3613 1193 3663 M.

248 3663 356 3725 nephew
368 3661 508 3710 Cdenraed.
734 3686 797 3734 vitia
817 3684 853 3733 D·
864 3650 925 3734 M..
958 3650 964 3664 '
1013 3649 1021 3674 '
1100 3647 1110 3676 '
1174 3649 1196 3674 ''

248 3731 251 3735 ’
281 3729 471 3792 ²Priviiegium
485 3727 711 3793 qaodsonctasdl-
798 3720 806 3746 '

245 3802 487 3861 &immelioratam
495 3798 711 3862 prediximumt-
772 3776 874 3843 ΨΜ]
892 3780 943 3839 E.;
959 3779 1028 3828 Ultra
1045 3783 1111 3861 ⁰⁰}05
1123 3777 1155 3828 Α·
1169 3779 1198 3827 ⁸·

248 3867 330 3938 mih]
341 3872 388 3920 See
397 3875 480 3928 antea,
488 3873 546 3918 note
553 3865 582 3929 1⁰,
590 3883 634 3928 pp·
642 3871 710 3916 ὣς,
739 3850 768 3900 C.
788 3851 822 3898 D.
841 3848 1036 3929 Iar-delmed
1053 3847 1113 3896 died
1128 3849 1198 3896 Α.Ι).

284 3940 294 3970 ³
307 3941 443 4002 Quintoque
453 3938 524 3999 regni
537 3953 599 3986 anno
611 3938 713 3985 Romam
737 3922 794 3968 ⁷¹⁶·
819 3919 913 3985 (Beda,
922 3919 967 3968 hb·
979 3933 1004 3967 V·
1017 3933 1039 3967 ⁰·
1052 3921 1093 3978 24,
1104 3917 1117 3978 b
1128 3913 1199 3980 ⁴⁵2)

247 4011 284 4059 ire
299 4009 425 4074 pergens]
446 4007 600 4058 Odenraed’s
612 4007 714 4055 abdica·
773 4003 935 4052 ‘Ethelbaldo
950 4036 976 4052 ..
990 4001 1199 4065 ‚Alwiosratre.]

248 4080 301 4129 tion
323 4081 373 4128 and
391 4082 500 4142 journey
514 4083 540 4126 to
558 4078 637 4126 Rome
653 4076 712 4125 took
739 4073 886 4123 Aethilbald
909 4087 979 4121 came
1001 4077 1027 4120 to
1048 4071 1090 4120 the
1113 4071 1201 4119 throne

248 4151 322 4211 place
335 4149 403 4199 Α.Ι).
416 4152 474 4198 709.
739 4144 879 4194 Α.Ι).716.
915 4143 946 4190 In
963 4142 1004 4191 the
1024 4142 1108 4190 Saxon
1122 4141 1202 4191 Chro-

286 4217 346 4267 ⁴Ut
358 4219 426 4267 Beda
437 4217 534 4280 refert]
553 4217 633 4279 Beda,
643 4213 713 4266 Hist.
739 4215 804 4262 nicle
833 4213 864 4262 he
886 4213 908 4260 is
931 4213 1014 4262 called
1041 4212 1083 4260 tbe
1109 4226 1154 4260 son
1176 4207 1205 4259 os

253 4290 351 4343 Eccles.
363 4289 407 4339 lib.
420 4303 444 4338 v.
456 4304 479 4336 c.
491 4289 530 4336 1³.
741 4285 825 4344 Alwy.
