3128 4976
229 483 371 564 maru]
458 499 572 548 cnsrn
597 501 723 548 aucun
748 500 962 548 unctorum
1114 485 1181 548 275

228 654 318 734 legio
341 652 498 718 inaudita
519 655 639 718 mortis
664 655 888 736 excogitatio.
936 655 1008 719 Cur
1029 655 1119 719 enim
1142 675 1178 719 se

228 754 389 828 morione,
413 761 452 818 ut
470 747 610 836 ¹postea
632 754 798 832 dicemus,
820 754 1082 820 excarnificaret
1104 756 1179 837 ipse

228 852 282 918 sui
307 853 460 934 corporis
477 853 668 918 horrendus
689 854 827 931 lanista,
849 855 915 919 nisi
936 855 1017 918 novi
1039 855 1178 918 sceleris

227 953 386 1016 conscius
403 955 517 1016 essetl
564 953 667 1016 Unde
689 955 725 1016 in
741 962 879 1019 vetusto
894 954 1068 1018 volumine
1086 954 1178 1036 quod
1256 993 1259 1002 Δ

226 1050 263 1112 in
290 1070 414 1114 manus
439 1071 534 1116 meas
558 1052 690 1128 incidit,
714 1053 772 1115 ubi
795 1055 947 1118 omnium
970 1053 1178 1134 apostolico-

226 1169 302 1213 rum
323 1151 464 1214 nomina
486 1152 752 1215 continebantur
768 1161 804 1216 et
819 1154 914 1228 anni,
932 1153 982 1215 ita
1011 1153 1178 1234 scriptum

226 1249 317 1314 vidi:
343 1243 561 1326 ‘²Silvester,
586 1252 645 1332 qui
671 1258 706 1314 et
729 1249 932 1329 Gerbertus,
959 1269 1069 1315 annos
1094 1270 1177 1333 qua-

227 1355 319 1424 tuor,
346 1368 496 1412 mensem
527 1369 645 1427 unum,
671 1349 744 1412 dies
771 1351 910 1417 decem:
945 1348 1001 1413 hic
1031 1351 1178 1432 turpiter

227 1447 335 1514 vitam
350 1467 450 1538 suam
463 1447 600 1513 finivit’

453 1640 500 1685 DE
524 1638 723 1687 nlsowuhls
746 1638 939 1685 GERBER'I'I.

271 1741 289 1825 §
307 1742 383 1807 168.
401 1744 591 1810 Gerbertus
610 1745 763 1810 Galliam
780 1746 986 1828 repatrians,
1003 1745 1176 1828 publicas·

226 1860 293 1922 que
315 1842 452 1908 scholas
475 1844 662 1926 professus
688 1851 798 1908 artem
826 1845 1016 1929 magisterii
1046 1845 1175 1926 attigit.

221 1939 393 2012 ¹Habebat
431 1945 731 2027 conphilosophos,
763 1951 799 2008 et
829 1943 1021 2008 studiorum
1052 1944 1175 2020 socioS,
1207 1997 1212 2008 .

226 2039 494 2106 Constantinum
519 2045 677 2108 abbatem
698 2043 897 2107 monasterii
921 2043 1033 2107 sancti
1057 2043 1176 2107 Maxi·

224 2140 321 2216 mini,
336 2140 429 2221 quod
450 2149 504 2205 est
523 2143 630 2226 juxta
647 2142 857 2219 Aurelianis,¹
878 2142 922 2204 ad
946 2160 1048 2224 quem
1069 2141 1177 2205 edidit

229 2231 386 2319 ³regulas
414 2238 457 2302 de
485 2243 614 2306 abaco:
642 2239 876 2305 Adelboldum
902 2242 1114 2323 episcopum,
1138 2248 1177 2303 ut

226 2334 358 2415 dieunt,
374 2337 714 2422 winteburgensem,
728 2341 789 2422 qui
804 2346 839 2404 et
853 2340 928 2422 ipse
950 2340 1080 2421 ingenii
1102 2358 1175 2402 mo-

228 2436 381 2500 nimenta
410 2438 505 2502 dedit
529 2439 566 2503 in
593 2440 741 2521 epistola
771 2457 875 2521 quam
907 2437 989 2503 facit
1019 2438 1063 2502 ad
1087 2437 1176 2502 Ger-

228 2535 364 2600 bertum
375 2529 438 2601 4de
454 2540 646 2619 quaestione
657 2537 816 2602 diametri
829 2557 933 2620 super
947 2537 1175 2614 Macrobium‚

226 2641 262 2698 et
286 2635 321 2697 in
350 2637 524 2700 nonnullis
547 2637 636 2702 aliis,
683 2637 820 2701 Habuit
841 2636 1028 2719 discipulos
1050 2636 1176 2719 praedi·

226 2733 347 2798 candae
377 2735 503 2801 indolis
536 2743 572 2800 et
599 2738 771 2820 prosapiae
809 2736 945 2813 nobilis,
984 2734 1176 2800 Robertum

226 2832 334 2895 filium
358 2834 521 2916 Hugonis
542 2844 771 2916 cognomento
795 2835 918 2916 Capet,
937 2834 1087 2898 Otonem
1110 2835 1176 2896 fili-

225 2952 284 2994 um
313 2934 530 3015 imperatoris
558 2933 695 2999 Otouis.
752 2934 939 3011 RobertuS,
962 2941 1084 3017 postea
1114 2954 1176 2996 rex

227 3030 398 3110 Franciae,
413 3034 582 3116 magistro
595 3034 707 3098 vicem
720 3033 881 3111 reddidit,
897 3040 933 3097 et
947 3033 1176 3115 archiepisco·

226 3281 498 3344 althoughadisbelief
502 3283 529 3330 in
537 3281 580 3332 the
591 3285 688 3343 reporta
715 3296 780 3343 sum,
803 3281 962 3330 desideretur
979 3281 1010 3329 de
1027 3284 1096 3329 tanto
1113 3281 1175 3342 viro,

225 3350 255 3398 of
272 3351 356 3411 magio
377 3352 516 3400 attributed
535 3357 563 3399 to
578 3351 689 3401 Gerbert
714 3351 760 3411 qui
771 3366 785 3399 e
797 3350 882 3400 Gallis
896 3350 995 3412 primns
1012 3350 1104 3398 summi
1115 3364 1176 3410 pon·

226 3433 255 3468 as
273 3419 315 3468 the
337 3434 423 3468 means
444 3421 479 3480 by
495 3420 580 3468 which
596 3420 628 3468 he
646 3435 689 3468 ac·
713 3421 824 3469 titicatus
835 3420 933 3480 apicem
944 3418 1071 3467 obtinuit.'

226 3488 317 3550 quired
339 3489 382 3537 the
409 3489 487 3550 papal
513 3490 584 3538 cheir
608 3489 689 3551 might
751 3483 1176 3555 ¹Posteudicemus.]§llh,p.284.

226 3557 291 3606 have
307 3558 372 3607 been
388 3559 525 3620 expressed
542 3557 604 3607 with
621 3573 688 3606 more
749 3553 900 3618 ²Silvester,
919 3557 961 3621 qui
983 3560 1007 3605 et
1032 3555 1175 3617 Gereatis,

227 3632 346 3688 courtesy
356 3632 382 3676 to
392 3627 435 3676 the
447 3627 546 3689 author,
557 3626 615 3675 who
630 3642 690 3688 may
713 3641 788 3676 aanor
799 3630 910 3689 quatuor,
921 3640 1023 3676 manem
1031 3640 1113 3687 uam,
1124 3625 1176 3674 dies

226 3697 258 3745 be
274 3697 409 3757 presumed
420 3702 446 3747 to
457 3697 521 3746 have
541 3697 615 3746 acted
626 3696 689 3745 from
713 3697 814 3759 decem]
825 3696 859 3746 A.
868 3696 903 3747 D.
915 3698 970 3755 M.;
984 3695 1122 3756 Johennes,
1131 3696 1176 3755 qui

226 3781 243 3815 a
254 3767 345 3815 motive
357 3767 453 3816 similar
463 3770 489 3814 to
499 3767 555 3815 that
569 3767 689 3828 assigned
713 3771 739 3814 et
744 3766 894 3828 Gerhertus,
900 3779 999 3816 menses
1007 3765 1104 3823 decem,
1112 3765 1175 3816 SC.

227 3837 261 3896 by
272 3836 315 3885 the
326 3837 429 3885 learned
440 3836 612 3886 editorashis
629 3850 690 3898 apo·
716 3837 747 3884 E.
766 3835 799 3885 F.
813 3836 847 3887 G.
859 3837 894 3884 K.
908 3836 939 3886 L.
973 3835 1021 3884 See
1040 3838 1098 3882 note
1114 3830 1134 3897 ²,
1148 3849 1174 3896 p.

226 3906 286 3967 logy
302 3905 341 3954 for
355 3907 494 3968 reprinting
510 3905 595 3955 them:
613 3906 622 3933 ‘
631 3907 688 3954 Hos
713 3909 771 3954 an.

227 3975 364 4037 anulosos,
371 3980 405 4037 et,
413 3980 443 4024 ut
450 3976 487 4024 ita
497 3975 623 4036 dicamus,
634 3975 689 4024 dia·
749 3972 878 4037 ⁸Regulus
889 3974 917 4022 de
925 3972 1020 4034 abuea]
1033 3971 1081 4021 See
1092 3975 1149 4021 note
1157 3967 1177 4033 ³,

227 4043 322 4094 bolicos
333 4045 365 4094 de
377 4045 501 4095 Gerberto
517 4059 629 4094 rumores
647 4044 688 4093 hic
713 4059 740 4104 p.
751 4048 809 4092 273.

225 4115 402 4176 describimus,
424 4130 473 4165 non
495 4119 525 4163 ut
540 4115 640 4176 pondus
656 4115 689 4163 iis
750 4110 810 4161 ⁴De
828 4111 958 4176 quantem
974 4108 1089 4160 diametri
1106 4121 1177 4171 saper

225 4185 329 4246 aliquod
346 4185 480 4246 addamus,
497 4184 542 4233 sed
559 4189 588 4234 ut
604 4199 621 4233 a
636 4185 688 4232 leo·
715 4181 890 4246 Macrobium‚]
909 4182 1024 4231 Macrob.
1043 4181 1070 4228 in
1092 4177 1176 4228 Somu.

224 4258 277 4303 tore
292 4254 365 4317 nihil,
387 4256 441 4306 sive
458 4269 545 4304 verum
568 4255 620 4304 sive
637 4253 688 4303 sal-
715 4253 784 4316 Scip.
796 4266 815 4302 1.
827 4255 868 4301 20.

1007 4337 1053 4383 rh
