3112 4968
236 470 378 552 uiam]
442 487 583 545 ,ansus
606 487 734 534 nncuu
758 486 970 534 suenorum.
1122 468 1188 532 337

232 650 268 707 et
295 645 415 708 urbem
441 663 519 708 cum
542 645 717 726 episcopo,
745 644 885 726 ignibus
914 663 1034 708 eorum
1059 657 1189 706 consu-¹

232 744 393 807 mendum
410 745 605 825 reliquerit;
637 743 737 828 cujus
763 745 813 806 rei
834 743 1024 819 infamiam,
1046 750 1183 807 mature

230 843 374 906 veniens
392 843 571 907 Haroldus
587 844 777 908 virtutibus
794 844 867 907 suis
884 843 1057 906 abstersit.
1091 842 1183 906 Eus-

230 942 367 1006 tachius
398 962 494 1025 ergo,
519 942 746 1008 transfretato
771 943 859 1006 mari
889 943 932 1006 de
956 941 1122 1007 Witsand
1144 943 1182 1005 in

231 1041 419 1118 Doveram,
434 1062 551 1123 regem
569 1043 790 1119 Edwardum,
807 1043 923 1112 nescio
939 1061 1009 1124 qua
1031 1041 1073 1104 de
1097 1060 1180 1104 cau-

231 1159 283 1217 sa,
307 1141 402 1205 adiit.
457 1141 659 1206 Collocutus
684 1161 762 1206 cum
786 1162 839 1218 eo,
862 1147 898 1204 et
926 1141 963 1204 re'
994 1141 1180 1238 impetrata
1193 1163 1292 1212 natue

228 1259 332 1321 quam
346 1241 506 1322 petierat,
523 1236 532 1272 ¹
541 1261 602 1324 per
624 1242 878 1306 Doroberniam
900 1240 1057 1304 redibat:
1089 1255 1177 1303 unus
1192 1214 1335 1303 ffi‘inii'u'a

1191 1323 1241 1352 men
1250 1314 1274 1352 ol
1286 1314 1329 1354 Do·
1429 1342 1435 1350 .

229 1347 490 1403 antecursorum
513 1341 590 1424 ejus
613 1340 762 1404 ferocius
787 1360 865 1404 cum
898 1341 974 1403 cive
998 1357 1120 1420 agene,
1143 1347 1235 1403 etat.

225 1431 370 1502 'vulnere
391 1441 503 1522 magis
529 1460 634 1522 quam
659 1434 779 1522 ²prece
801 1440 989 1522 hospitium
1015 1439 1174 1518 exigens,

227 1538 326 1601 illum
348 1539 386 1602 in
405 1541 460 1602 sui
474 1534 665 1604 ³excidium
688 1540 860 1604 invitavit.
914 1538 999 1622 Quo¹
1019 1539 1174 1618 cognito,

229 1638 452 1716 EustachiuS,
482 1639 527 1704 ad
560 1639 791 1704 ulciscendam
825 1657 942 1702 necem
973 1639 1066 1702 servi
1097 1657 1177 1701 cum

228 1743 301 1802 toto
324 1739 491 1803 comitatu
512 1739 700 1822 profectus,
715 1739 920 1802 homicidam
935 1738 1074 1820 quidem
1097 1756 1176 1800 cum

226 1836 303 1900 aliis
315 1838 432 1901 decem
443 1845 478 1902 et
488 1846 566 1903 octo
580 1839 771 1902 interemit:
789 1837 862 1913 sed,
877 1838 1011 1901 civibus
1021 1836 1065 1899 ad
1078 1854 1178 1901 arma

225 1938 502 2014 convolantibus,
516 1938 640 2019 viginti
665 1957 711 2002 ex
733 1937 807 1999 suis
831 1937 959 2012 amisit,
983 1935 1175 2000 innumeris

218 2036 436 2116 ¹vulneratis3
461 2039 536 2120 ipse
550 2039 613 2102 vix
635 2057 713 2100 cum
731 2037 842 2100 altero
867 2037 903 2100 in
927 2036 1005 2119 ipso
1022 2036 1175 2100 tumultu

224 2136 445 2218 subterfugit.
504 2138 591 2201 Inde
622 2136 666 2200 ad
697 2137 829 2199 curiam
861 2136 981 2218 pedem
1010 2135 1176 2210 referem,

224 2243 415 2319 nactusque
437 2243 609 2300 secretum
637 2255 710 2298 suae
736 2236 846 2318 partis
873 2242 1040 2318 patronus
1069 2234 1175 2298 assis·

224 2340 314 2410 tens,
336 2336 424 2399 iram
441 2336 534 2416 regis
556 2337 593 2398 in
611 2334 748 2417 Anglos
774 2335 927 2398 exacuit.
981 2333 1175 2397 Godwinus
1188 2352 1278 2393 cosan

224 2453 287 2514 per
308 2435 452 2499 nuncios
475 2434 519 2498 ad
542 2436 674 2498 curiam
698 2434 829 2498 accitus
843 2435 949 2498 venit.
1003 2433 1176 2514 Exposita
1188 2405 1316 2541 ffipgffl

224 2551 342 2611 causa,
372 2541 408 2598 et
435 2535 608 2616 praecipue
639 2553 721 2616 rege
748 2533 969 2598 insolentiam
1000 2533 1175 2596 Dorober·
1228 2513 1248 2551 κ’

224 2634 382 2696 nensium
408 2635 661 2711 accumulante,
685 2633 860 2697 intellexit
880 2633 933 2696 vir
957 2632 1099 2696 acrioris
1121 2631 1175 2695 in·

223 2734 329 2820 genii,
343 2732 448 2795 unius
464 2740 601 2797 tantum
623 2734 733 2816 partis
749 2731 878 2796 auditis
894 2731 1173 2813 allegationibus,

225 2851 294 2894 non
320 2832 444 2896 debere
466 2832 610 2914 proferri
636 2832 856 2896 sententiam.
910 2831 1037 2913 Itaque
1053 2849 1174 2912 quam-

225 2931 278 2994 vis
301 2951 364 2996 rex
373 2932 537 3016 jussisset
554 2933 651 2995 illum
676 2933 840 2996 continuo
855 2950 934 2994 cum
959 2931 1115 2994 exercitu
1137 2930 1175 2993 in

228 3030 388 3096 (lantiam
406 3032 588 3114 proficisci,
602 3033 638 3094 in
653 3032 936 3096 Dorobernenses
952 3031 1106 3112 graviter
1120 3029 1174 3092 ul-

225 3136 351 3209 turum,
368 3133 515 3211 restitit;
540 3138 575 3195 et
592 3131 684 3214 quod
709 3150 828 3196 omnes
854 3131 1066 3212 alienigenas
1083 3129 1174 3211 apud

225 3226 317 3312 regis
340 3233 488 3313 gratiam
503 3232 714 3295 invalescere
728 3230 908 3305 invideret,
925 3236 961 3293 et
974 3230 1067 3312 quod
1081 3249 1175 3293 com-

225 3330 386 3411 patriotis
416 3331 603 3394 amicitiam
634 3337 801 3413 praestare
830 3329 947 3392 vellet.
999 3327 1176 3392 Praeterea

226 3429 407 3493 videbatur
428 3430 505 3513 ejus
525 3430 703 3511 responsio
717 3430 754 3492 in
769 3427 1010 3492 rectitudinem
1026 3447 1175 3508 propen-

261 3707 269 3739 ¹
295 3709 344 3757 Per
366 3707 542 3756 Doroberaium
563 3706 688 3769 redibat]
717 3706 812 3767 Dover,
822 3705 908 3754 where
924 3704 985 3765 they
995 3704 1047 3753 had
1063 3704 1178 3752 resolved

226 3779 402 3839 Malmesbury
410 3791 491 3826 seems
500 3781 526 3826 to
537 3777 602 3824 have
611 3776 689 3825 taken
716 3781 742 3824 to
753 3779 856 3836 quanter
866 3775 1031 3825 themselves:
1046 3774 1115 3822 thare
1127 3773 1178 3821 this

225 3850 266 3898 his
284 3853 392 3898 account
404 3847 433 3896 oi
446 3847 489 3896 the
506 3847 563 3907 iray
573 3847 690 3895 between
716 3846 870 3894 transaction
889 3844 950 3893 took
968 3845 1051 3906 place,
1069 3844 1119 3892 and
1135 3847 1179 3892 not

225 3919 268 3968 the
280 3934 339 3968 men
355 3917 385 3967 of
397 3918 508 3966 Eustace
520 3915 573 3965 carl
584 3916 613 3963 of
622 3917 691 3964 Bou·
716 3920 744 3964 at
765 3915 935 3976 Canterbury,
951 3928 979 3963 as
1003 3914 1178 3973 Malmesbury

226 3990 301 4051 logne
338 3988 389 4036 and
419 3987 461 4035 the
496 3992 636 4035 townsmen
665 3983 694 4033 ci
716 3985 826 4044 implies.

226 4060 315 4108 Dover
325 4057 389 4106 from
400 4056 442 4105 the
454 4057 539 4105 Saxon
547 4054 691 4113 chronicis,
751 4050 872 4116 ²Preca]
885 4051 919 4103 A.
927 4056 957 4103 C.
965 4053 1000 4102 D.
1009 4051 1090 4113 E.L.;
1102 4065 1178 4112 prece

225 4129 312 4178 which
331 4131 410 4176 states
431 4126 487 4174 thet
505 4126 547 4174 the
570 4126 623 4174 carl
640 4125 691 4172 and
717 4127 763 4174 aut
774 4124 864 4184 pretio,
876 4123 906 4172 S.

225 4199 265 4248 his
286 4213 353 4258 meu,
368 4196 463 4257 haring
477 4195 555 4244 taken
572 4194 638 4243 their
652 4208 691 4242 re·
751 4190 930 4254 8Επει’<ὶίιιηι.]
948 4191 981 4240 Α.
994 4191 1023 4241 S.
1036 4190 1071 4238 D.
1084 4191 1115 4239 E.
1128 4188 1178 4250 L.;

225 4273 284 4329 past
296 4273 324 4317 at
335 4266 506 4326 Canterbury,
515 4263 656 4326 proceeded
666 4268 692 4312 to
718 4263 834 4323 exitium,
847 4264 877 4312 C.

1008 4353 1027 4397 Ζ
