3128 4976
208 453 349 532 urs.11.]
432 469 545 517 casm
569 469 696 518 uxorin
721 469 935 517 suenonuu.
1095 454 1161 518 269

210 613 304 690 cardi
319 624 454 689 comitis
469 625 706 702 Normanniae,
730 625 790 688 filii
805 624 985 702 willelmi,
1008 625 1068 707 qui
1081 634 1162 708 post

209 733 343 808 patrem
370 725 623 806 quinquaginta
658 724 792 789 duobus
820 725 924 792 annis¹
945 724 996 787 illi
1021 724 1163 788 ducatui

210 823 361 906 praefuit,
371 831 405 887 et
417 817 425 854 ¹
435 831 559 888 octavo
576 824 708 887 decimo
723 843 814 887 anno
829 822 932 907 hujus
947 825 1039 905 regis
1054 823 1163 886 vitam

211 917 439 987 ²terminavit.
491 922 595 986 Jacet
615 922 706 1005 apud
730 923 940 990 Fiscannum
955 923 1163 998 coenobium,

213 1022 305 1104 quod
319 1023 406 1103 ipse,
418 1021 606 1103 aliquantis
622 1021 810 1088 redditibus
822 1021 1035 1104 ampliatum,
1045 1021 1165 1103 regula

213 1122 406 1188 monastica
429 1140 491 1202 per
505 1120 718 1183 Willelmum
735 1120 907 1202 quendam
925 1122 1084 1184 abbatem
1101 1121 1165 1184 Di-

215 1221 414 1284 vionensem
433 1219 670 1300 insigniverat.
723 1219 790 1292 Vir
804 1219 963 1296 eximiae,
977 1221 1037 1301 qui
1061 1221 1165 1283 etiam

216 1315 423 1381 Edelredum
452 1337 545 1401 saepe
571 1317 707 1401 injuriis
734 1319 943 1401 pulsaverit:
973 1319 1065 1399 quod
1088 1337 1166 1381 curn,

215 1416 371 1481 auditum
386 1417 509 1480 Romae
532 1423 634 1493 esset,
650 1437 720 1480 non
735 1436 840 1500 passa
854 1417 952 1480 sedes
975 1417 1168 1500 apostolica

216 1510 322 1580 ³duos
352 1515 569 1580 Christianos
598 1515 793 1597 digladiari,
823 1517 918 1580 misit
939 1516 975 1578 in
1001 1515 1167 1598 Angliam

217 1615 368 1679 Leonem
386 1615 634 1679 Treverensem
652 1615 850 1697 episcopum
873 1622 912 1678 ut
932 1633 1049 1696 pacem
1073 1634 1167 1679 com-

215 1721 360 1797 poneret
373 1735 381 1795 3
408 1714 508 1798 cujus
522 1713 707 1796 legationis
722 1715 871 1796 epistola
886 1714 960 1778 haec
973 1721 1038 1779 est.

428 1903 599 1950 mussona
621 1879 815 1951 horruimus
848 1900 959 1949 rtem.

258 2009 275 2092 ξ
291 2008 365 2074 166.
383 2003 441 2073 ‘⁵J
444 2010 598 2074 ohannes
613 2010 755 2091 quintus
770 2009 934 2084 decimus,
950 2014 1080 2071 sanctae
1098 2005 1170 2070 Ro·
1183 2025 1264 2076 Eplrtle
1275 2025 1299 2063 or

220 2128 331 2172 manae
347 2108 502 2172 ecclesiae
512 2128 616 2190 papa,
629 2109 788 2172 omnibus
800 2108 969 2172 fidelibus,
999 2105 1172 2170 Noverint

219 2226 337 2271 omnes
364 2214 495 2270 sanctae
518 2208 637 2271 matris
660 2213 790 2270 nostrae
813 2206 967 2269 ecclesiae
984 2204 1113 2279 fideles,
1137 2211 1172 2267 et

220 2307 330 2369 nostri
344 2306 523 2386 utriusque
546 2306 676 2368 ordinis
702 2325 764 2388 per
781 2304 933 2388 clymata
955 2303 1061 2366 seculi
1083 2302 1170 2366 dila·

221 2405 298 2480 tati,
313 2404 462 2485 qualiter
482 2405 580 2468 nobis
599 2404 745 2491 relatum
768 2410 821 2484 est
837 2422 859 2466 a
873 2403 1106 2484 compluribus
1128 2401 1171 2465 de

1183 2077 1239 2115 John
1249 2074 1296 2122 XV,

1184 2127 1250 2166 called
1259 2123 1318 2163 XVI.

220 2502 575 2582 inimicitiaEdelredi
589 2503 767 2566 Saxonum
785 2501 1059 2572 Occidentalium
1078 2501 1171 2582 regis

222 2601 357 2666 necnon
394 2608 428 2664 et
458 2599 602 2665 Ricardi
637 2601 867 2680 marchionis3
905 2601 996 2663 unde
1018 2599 1171 2671 nimium

221 2701 333 2766 tristis
358 2700 513 2778 effectuS,
542 2708 663 2782 utpote
685 2699 728 2784 de
750 2699 830 2762 filiis
853 2699 980 2762 nostris
1011 2699 1172 2781 spiritua-

222 2800 326 2876 libus,
353 2799 507 2876 tandem,
542 2800 630 2864 inito
660 2799 790 2862 salubri
820 2797 975 2874 consilio,
1008 2795 1173 2860 accersivi

224 2898 396 2981 quendam
419 2899 678 2981 apocrisiarium
711 2904 880 2974 nostrum,
904 2895 1054 2960 Leonem
1078 2894 1173 2959 vide-

224 2998 306 3062 licet
320 2999 519 3081 episcopum
543 3004 674 3061 sanctae
698 2996 922 3072 Treverensis
948 2994 1115 3072 ecclesiae,
1138 3002 1174 3058 et

225 3098 302 3162 misi
328 3116 406 3161 eum
427 3096 510 3160 illuc
532 3116 611 3160 cum
631 3096 742 3160 literis
763 3095 892 3159 nostris
917 3093 1174 3171 exhortatoriis,

262 3321 270 3352 ¹
286 3325 376 3371 Oetam
386 3322 554 3371 dommoruna
570 3322 689 3383 btriusre·
749 3315 917 3388 wasme]
936 3320 1117 3380 S.C.D.E.L.;
1128 3321 1175 3370 Jo-

226 3392 268 3454 gis
286 3393 362 3440 vitam
381 3391 551 3454 terminavit]
577 3391 690 3439 Richard
713 3391 809 3438 harnes
823 3389 902 3451 hujus
915 3389 1032 3449 nominis,
1043 3389 1174 3438 A.-'I'his

229 3462 290 3510 died
304 3476 336 3509 on
352 3461 394 3509 the
411 3461 471 3509 aoth
491 3461 520 3509 of
537 3461 690 3522 November,
714 3459 736 3507 is
747 3460 789 3506 the
801 3459 891 3519 epistle
909 3457 938 3505 of
953 3459 1025 3516 Pope
1036 3459 1104 3506 John
1115 3459 1175 3521 XV,

230 3531 301 3580 Am.
313 3533 371 3579 996.
715 3528 857 3576 sometimes
868 3526 951 3576 called
962 3527 1037 3588 XVI,
1047 3526 1106 3575 who
1117 3541 1175 3588 pre-

263 3618 460 3692 meminerit]
486 3624 507 3671 c
536 3623 563 3670 D
590 3622 615 3670 Ε
643 3622 666 3671 L
685 3638 691 3650 .
715 3596 789 3646 Sided
809 3596 873 3645 from
893 3600 941 3644 985
958 3598 984 3643 to
1003 3599 1061 3644 996·
1097 3597 1175 3659 John,

229 3695 319 3757 finivit,
329 3691 364 3742 A·
377 3692 406 3742 S·
437 3657 444 3674 ‘
509 3658 516 3672 ⁸
565 3657 571 3672 '
616 3657 623 3672 ⁸
668 3657 692 3683 ''
716 3664 801 3714 sonos
813 3666 981 3726 Robert,was
997 3663 1095 3714 elected
1111 3665 1175 3746 after

265 3755 691 3851 subtermitterentur]
716 3733 1175 3866 ffi2m2⁶⁸ss5)?fbd?h35s{1hisffi

232 3860 262 3908 S·
287 3857 373 3906 (1·11·
397 3857 429 3906 Ε·
452 3856 499 3915 L.;
524 3854 590 3904 111101
612 3854 692 3902 duces
716 3874 748 3922 he
767 3888 823 3924 was
846 3865 1018 3935 consecrated,
1036 3873 1068 3920 he
1087 3874 1110 3922 is
1132 3879 1176 3923 not

232 3923 692 3987 cunsumosmtersedeoerure,s.
716 3943 820 4004 usually
847 3942 975 3992 ,eckoned
1010 3956 1101 4004 among
1133 3944 1176 3992 ,he

267 4010 410 4060 *dobmate
423 4010 516 4073 popm]
533 4010 587 4058 The
606 4009 692 4058 rubric
716 4026 806 4075 popes,
816 4012 938 4074 although
952 4011 993 4059 his
1008 4025 1139 4061 successor
1154 4014 1177 4062 is

231 4083 261 4131 of
276 4085 310 4132 E.
321 4080 483 4140 erroneously
498 4080 572 4140 adds,
589 4080 650 4140 ‘qui
668 4083 694 4127 et
718 4083 860 4131 sometimes
894 4081 978 4141 styled
1007 4081 1076 4130 John
1103 4082 1177 4132 XVI.

231 4151 462 4204 Gerbertusdictus
473 4151 530 4199 est'
549 4151 597 4198 See
608 4153 666 4198 note
674 4145 694 4211 ²,
718 4151 761 4200 He
772 4151 831 4200 died
842 4150 989 4213 previously
998 4154 1024 4198 to
1035 4151 1077 4199 the
1094 4151 1179 4200 mouth

204 4275 206 4277 ,
233 4238 259 4283 p.
271 4225 329 4271 271.
718 4220 747 4269 of
754 4221 819 4283 July
829 4222 856 4270 in
867 4220 909 4270 the
920 4234 982 4280 year
992 4222 1049 4270 985.
