3128 4976
399 511 465 575 252
614 526 728 574 onera
752 526 879 574 nneuu
903 522 1118 572 aserenon.
1210 510 1296 590 [nin.
1314 526 1356 570 ιι.

401 683 460 745 ubi
488 701 525 745 se
561 681 764 765 plerumque
799 680 973 745 fatuorum
1009 680 1174 744 dicacitas
1209 675 1356 744 liberius

401 788 568 857 ostentat,
592 781 685 844 fama
699 787 753 844 est
776 779 991 843 Kinnadium
1013 799 1130 861 regem
1152 780 1354 845 Scottorum

401 879 627 943 ludibundum
649 880 791 956 dixisse,
820 879 944 942 mirum
964 879 1073 943 videri
1096 887 1171 943 tam
1195 880 1256 943 vili
1287 879 1353 942 ho·

401 979 575 1042 muncioni
596 986 649 1043 tot
671 978 867 1061 provincias
892 977 1038 1062 subjici;
1063 971 1182 1060 ¹idque
1213 998 1235 1041 a
1262 965 1352 1059 quo-

401 1078 480 1141 dam
511 1079 615 1142 mimo
644 1078 784 1142 sinistra
810 1097 894 1141 aure
923 1085 1115 1159 acceptum,
1144 1083 1180 1140 et
1209 1078 1352 1159 Edgaro

401 1177 620 1259 postmodum
648 1177 792 1241 solemni
827 1177 979 1241 convitio
1016 1177 1053 1239 in
1089 1196 1128 1240 os
1165 1177 1353 1260 objectum.

402 1274 453 1340 At
465 1276 536 1353 ille,
555 1297 592 1341 re
612 1277 684 1339 suis
712 1275 837 1353 celata,
862 1274 1088 1352 Kinnadium,
1113 1276 1214 1356 quasi
1232 1277 1352 1357 magni

402 1376 557 1458 mysterii
578 1375 798 1440 consultandi
828 1376 954 1456 gratia,
985 1374 1156 1451 accersiit,
1177 1375 1352 1457 longeque

401 1473 437 1536 in
451 1475 586 1558 sylvam
609 1475 763 1549 seducto,
777 1493 881 1537 unum
899 1494 944 1538 ex
958 1471 1104 1551 duobus,
1126 1492 1214 1555 quos
1233 1493 1351 1537 secum
1381 1463 1388 1472 '

402 1574 579 1651 attulerat,
590 1575 729 1637 ensibus
742 1573 901 1652 tradidit;
913 1573 977 1637 ‘Et
987 1573 1102 1649 nunc,'
1112 1573 1237 1654 inquit,
1248 1580 1256 1606 ⁴
1268 1571 1352 1636 lice-

401 1671 453 1735 bit
463 1673 553 1737 vires
564 1680 644 1736 tuas
655 1673 836 1755 experiare
847 1692 924 1735 cum
940 1672 1005 1736 soli
1016 1673 1132 1736 simus.
1164 1671 1187 1735 J
1191 1690 1246 1734 am
1258 1674 1350 1735 enim

401 1770 485 1835 faxo
504 1779 544 1835 ut
564 1778 731 1853 appareat
753 1771 831 1852 quis
859 1771 960 1835 alteri
983 1771 1106 1835 merito
1127 1772 1275 1854 supponi
1289 1772 1351 1835 de-

401 1870 503 1948 beat3
529 1878 568 1934 tu
583 1889 720 1952 quoque
744 1890 788 1933 ne
811 1870 932 1952 pedem
956 1870 1086 1934 referas
1109 1871 1194 1951 quin
1215 1891 1351 1935 mecum

401 1987 473 2031 rem
497 1969 656 2033 ventiles,
722 1969 840 2051 Turpe
871 1976 925 2032 est
953 1971 1043 2033 enim
1066 1989 1184 2050 regem
1206 1970 1243 2033 iu
1265 1989 1351 2035 con-

403 2067 495 2132 vivio
516 2088 592 2132 esse
614 2068 819 2145 dicaculum,
845 2088 908 2131 nec
923 2087 998 2132 esse
1012 2070 1048 2131 in
1067 2069 1188 2151 praelio
1211 2089 1353 2153 promp-

401 2167 537 2232 tulum.’
588 2167 761 2231 Confirsus
780 2167 852 2244 ille,
874 2187 937 2231 nec
952 2169 1058 2232 verbo
1083 2169 1208 2232 mutire
1232 2187 1352 2247 ausuS,

401 2267 445 2330 ad
475 2268 580 2349 pedes
609 2266 740 2332 domini
775 2266 867 2348 regis
899 2267 1058 2349 procidit,
1086 2267 1251 2350 simplicis
1276 2269 1352 2352 joci

400 2365 537 2429 veniam
550 2375 723 2449 precatus,
738 2374 774 2429 et
788 2365 969 2429 confestim
988 2375 1203 2430 consecutus.
1256 2366 1352 2445 Quid

399 2463 512 2528 illudl
561 2467 655 2530 omni
691 2472 825 2541 aestate,
863 2484 1002 2530 emensa
1038 2467 1157 2529 statim
1187 2464 1352 2531 Pascbali

402 2563 603 2641 festivitate,
630 2583 738 2630 naves
774 2585 837 2647 per
866 2565 982 2628 omnia
1012 2564 1132 2629 littora
1161 2566 1351 2631 coadunari

402 2665 645 2748 praecipiebat3
695 2664 740 2728 ad
778 2664 1026 2728 occidentalem
1056 2665 1179 2728 insulae
1214 2672 1351 2746 partem

402 2781 480 2827 cum
506 2765 666 2829 orientali
684 2765 808 2840 classe,
822 2770 857 2828 et
879 2763 941 2827 illa
963 2757 1138 2826 ²remensa
1159 2783 1237 2827 oum
1258 2767 1350 2830 occi-

401 2861 532 2926 dentali
564 2863 609 2926 ad
633 2863 817 2938 borealem,
845 2863 926 2926 inde
948 2881 1025 2925 cum
1050 2863 1181 2926 boreali
1208 2864 1252 2926 ad
1280 2864 1351 2927 ori-

402 2962 552 3024 entalem
579 2963 748 3043 remigare
781 2970 990 3040 cousuetus3
1023 2963 1101 3044 pius
1132 2961 1263 3026 seilicet
1285 2984 1350 3026 ex-

401 3058 567 3140 plorator,
589 3079 632 3122 ne
654 3060 735 3141 quid
759 3060 881 3141 piratae
901 3062 1092 3124 turbarent.
1153 3060 1290 3144 Hyeme
1312 3070 1350 3126 et

401 3176 482 3221 vere
503 3177 565 3238 per
578 3177 696 3221 omnes
715 3159 912 3240 provincias
929 3160 1127 3241 equitando,
1139 3160 1273 3242 judicia
1286 3181 1350 3244 po-

400 3256 586 3319 tentiorum
602 3257 817 3338 exquirebat,
832 3257 953 3322 violati
969 3258 1059 3340 juris
1075 3278 1215 3322 severus
1230 3260 1322 3324 ultor
1338 3282 1346 3326 :

399 3354 436 3418 in
459 3355 524 3421 hoc
543 3356 704 3440 justitiae,
734 3357 770 3419 in
804 3356 864 3421 illo
892 3357 1085 3421 fortitudini
1114 3359 1279 3440 studens;
1309 3361 1349 3424 in

401 3462 547 3538 utroque
560 3457 756 3539 reipublicae
771 3456 980 3520 utilitatibus
994 3457 1187 3520 consulens.

269 3585 352 3616 na..
451 3555 560 3638 §152
594 3556 684 3620 Sunt
707 3557 767 3638 qui
793 3555 926 3638 ingenti
958 3556 1034 3638 ejus
1063 3556 1183 3637 gloriae
1209 3576 1347 3622 naevum

399 3661 534 3718 tentent
560 3674 746 3738 apponere,
781 3654 946 3731 dicenteS,
980 3655 1100 3736 primis
1136 3657 1349 3738 temporibus

398 3753 505 3817 fuisse
527 3754 699 3818 crudelem
721 3755 756 3818 in
774 3755 880 3831 cives,
895 3754 1114 3818 libidinosum
1129 3753 1166 3816 in
1183 3755 1346 3836 virgines.

399 3851 507 3915 Verbi
529 3854 644 3934 gratia
664 3853 789 3936 prioris
811 3853 1007 3934 exemplum
1033 3861 1187 3935 ponunt:
1222 3853 1348 3918 Athel-

390 3951 530 4016 'woldus
548 3960 624 4017 erat
639 3954 791 4035 quidam,
806 3954 860 4016 sui
875 3953 1039 4035 temporis
1055 3973 1169 4016 comes
1185 3952 1349 4036 egregius

433 4208 550 4274 'quae.]
573 4211 603 4260 C.
626 4212 661 4260 D.
685 4211 735 4269 E.;
761 4211 858 4272 itaque,
918 4202 1088 4276 ’aenumq
1113 4209 1143 4258 G.
1164 4206 1214 4269 a,
1231 4209 1348 4271 remissa,

396 4279 513 4330 A.S.L.
883 4276 1051 4328 A.S.D.Ia.
1116 4314 1123 4322 .
