3128 4976
218 521 362 601 mr.11.]
450 538 564 585 eusrn
588 537 714 586 aucun
738 539 953 587 Anououuu.
1104 524 1169 588 261

219 713 336 776 supra.
388 695 550 776 Denique
564 694 698 758 incerto
711 694 844 760 haereas
855 694 937 777 quid
951 695 1168 777 potissimum

217 794 406 875 praedicare
428 794 527 869 velie,
555 813 601 856 an
626 794 865 857 assiduitatem
895 795 939 857 ad
966 795 1033 858 Dei
1056 796 1167 859 famu-

216 891 341 969 litium,
357 911 402 956 an
424 892 662 956 affabilitatem
677 892 721 956 ad
741 893 916 956 hominum
936 892 1165 975 colloquium;

218 990 309 1054 unde
327 1011 396 1054 non
411 991 539 1074 injuria
553 991 739 1055 credulitas
762 991 950 1073 apponitur
961 992 1167 1070 dicentibus
1185 999 1188 1005 '

218 1090 310 1170 quod
345 1111 409 1173 per
436 1091 575 1154 illarum
612 1091 787 1154 orationes
826 1098 922 1155 totus
952 1096 1168 1155 sustentatur

217 1189 321 1267 orbiS,
337 1190 396 1272 qui
407 1190 616 1274 Jampridem
628 1189 701 1253 suis
716 1189 859 1254 vacillat
874 1191 1034 1272 peccatis.

483 1376 531 1422 DE
554 1375 649 1422 REGE
672 1377 900 1425 ETHELREDO.

267 1482 284 1565 §
300 1481 376 1545 164.
401 1474 530 1545 ¹Anno'
539 1483 731 1548 Dominicae
745 1485 995 1548 incarnationis
1010 1502 1164 1565 nongen·
1177 1504 1298 1595 &⁰3⁰⁹

215 1581 339 1644 tesimo
360 1582 617 1662 septuagesimo
632 1602 735 1660 nono,
753 1583 971 1660 EthelreduS,
988 1583 1079 1646 filius
1095 1582 1165 1646 Ed·
1199 1583 1204 1594 '
1228 1584 1233 1596 '
1283 1583 1287 1595 '

216 1681 293 1760 gari
315 1687 350 1742 et
367 1679 519 1756 Elfridae,
545 1700 689 1763 regnum
716 1682 875 1765 adeptus,
890 1682 1025 1746 obsedit
1049 1681 1166 1764 potius
1225 1669 1230 1674 ⁶

216 1798 320 1859 quam
347 1780 439 1842 rexit
468 1779 569 1842 annis
601 1779 744 1862 triginta
772 1789 916 1863 septem.
968 1781 1055 1863 Ejus
1082 1781 1165 1845 vitae

216 1895 336 1941 cursus
352 1895 467 1940 saevus
491 1878 526 1940 in
548 1878 729 1960 principio,
744 1880 848 1943 miser
860 1879 896 1942 in
915 1878 1039 1956 medio,
1053 1879 1165 1960 turpis

216 1976 253 2038 in
273 1977 370 2039 exitu
395 1977 586 2042 asseritur:
614 1978 664 2041 ita
688 1979 884 2062 parricidio,
899 1979 961 2041 cui'
978 1979 1164 2042 conniven-

217 2075 301 2138 tiam
326 2075 542 2153 adhibuerat,
567 2077 749 2156 immanis;
783 2078 834 2141 ita
855 2077 940 2158 fuga
964 2085 999 2141 et
1021 2076 1165 2141 mollitie

216 2172 366 2249 infamis,
397 2174 448 2237 ita
472 2181 582 2238 morte
611 2175 816 2238 miserabilis
840 2175 917 2239 fuit.
981 2175 1164 2256 Ignaviam

217 2271 293 2354 ejus
323 2272 536 2353 praedixerat
560 2273 775 2349 Dunstanus,
798 2273 891 2336 foedo
920 2273 1080 2354 exemplo
1101 2272 1163 2336 ad·

217 2370 389 2434 monitus:
414 2389 494 2433 nam
517 2389 595 2433 cum
618 2371 773 2452 pusiolus
796 2372 832 2434 in
854 2370 983 2435 fontem
1000 2372 1163 2453 baptismi

217 2475 439 2550 mergeretur,
454 2469 755 2533 circumstantibus
780 2471 962 2552 episcopis,
979 2464 1068 2535 ²alvi
1082 2491 1163 2553 pro·

217 2567 324 2631 fluvio
337 2574 555 2631 sacramenta
566 2568 809 2650 interpolavit3
834 2587 904 2649 qua
919 2589 956 2632 re
970 2568 1029 2632 ille
1044 2571 1162 2633 turba-

217 2673 285 2744 tus,
310 2666 400 2729 ‘Per
421 2667 557 2744 Deum,'
577 2666 702 2749 inquit,
719 2673 774 2731 ‘et
792 2674 937 2730 matrem
956 2668 1044 2750 ejus„
1063 2668 1162 2749 igna-

217 2784 282 2829 vus
293 2766 396 2830 homo
408 2766 474 2829 erit
486 2766 506 2829 !’
539 2765 625 2830 Vidi
636 2766 815 2847 scriptum,
828 2765 921 2848 quod
934 2785 1024 2843 cum,
1039 2765 1162 2829 decen-

215 2865 270 2926 nis
297 2884 394 2946 puer,
422 2864 564 2928 fratrem
593 2871 753 2928 necatum
780 2865 999 2929 conclamari.
1015 2864 1162 2942 audiret,

216 2962 299 3027 fletu
319 2983 383 3029 suo
405 2962 576 3027 furentem
598 2963 799 3044 genitricem
822 2962 910 3027 adeo
932 2963 1093 3040 irritavit,
1111 2970 1163 3041 ut,

214 3063 298 3144 quia
318 3061 494 3143 flagellum
514 3062 559 3125 ad
581 3080 722 3125 manum
738 3082 808 3126 non
832 3062 994 3139 habehat,
1015 3063 1162 3144 arreptis

215 3161 368 3225 candelis
380 3161 598 3225 innocentem
613 3162 774 3238 caederet,
789 3181 853 3226 nec
869 3163 966 3244 prius
980 3160 1164 3225 desisteret

215 3279 319 3342 quam
343 3280 432 3342 pene
457 3262 651 3324 exanimem
677 3259 811 3342 etipsa
837 3260 1022 3342 lachrymis
1046 3260 1163 3324 infun-

165 3344 168 3350 ’
214 3359 321 3421 deret.
373 3357 596 3440 Quapropter
626 3365 702 3421 tota
724 3359 799 3421 vita
828 3359 879 3422 ita
908 3358 1071 3421 candelas
1099 3378 1162 3421 ex-

214 3455 348 3519 horruit
369 3456 405 3517 in
427 3463 614 3537 posterum,
637 3463 677 3518 ut
700 3475 877 3537 nunquam
900 3463 981 3520 ante
1004 3475 1042 3518 se
1064 3462 1163 3537 pate·

213 3561 309 3617 retur
339 3553 456 3617 inferri
486 3555 601 3617 lumen
632 3573 760 3617 earum.
829 3553 955 3618 Matris
986 3553 1164 3635 suffragio,

213 3653 411 3735 proceribus
431 3653 663 3734 congregatis
686 3651 759 3715 dies
781 3651 875 3716 dicta
899 3658 939 3716 ut
958 3653 1165 3716 Dunstanus

249 3949 257 3980 ¹
269 3950 341 4000 Anao
353 3947 489 3997 Dornicicoe
500 3945 676 3996 iacommtiocte
735 3943 816 3994 Mat
824 3945 945 4009 profluvio
959 3947 1108 3992 momenta
1125 3942 1163 3990 in·

211 4019 392 4082 mngertesirrw
406 4016 583 4080 septuagesimo
593 4015 675 4078 noua]
701 4015 852 4078 terpolueit]
867 4015 892 4062 A
904 4014 1000 4062 similar
1011 4018 1081 4072 story
1091 4013 1114 4061 is
1125 4026 1165 4060 re·

213 4089 352 4139 Aethelred
369 4086 512 4136 succeeded
523 4086 563 4134 his
574 4085 676 4134 brother
701 4084 771 4133 lated
782 4084 811 4133 ol
818 4083 862 4132 the
874 4097 988 4144 emperor
999 4081 1164 4131 Constantine

214 4160 285 4210 Aa).
296 4163 355 4216 978,
373 4156 424 4205 and
435 4169 491 4204 was
510 4155 628 4204 crowned
643 4169 676 4203 on
701 4153 743 4202 the
762 4153 842 4214 Fifth,
852 4153 911 4201 who
929 4150 1034 4200 derived
1051 4150 1093 4199 the
1111 4164 1167 4199 sur·

213 4229 256 4278 the
268 4227 328 4277 llth
338 4226 414 4288 April
426 4225 567 4286 following.
595 4222 675 4291 (Flor.
701 4237 774 4271 name
797 4222 826 4271 of
842 4222 1017 4283 copronymus
1036 4219 1100 4268 lrom
1124 4219 1165 4268 bis

213 4293 342 4362 wigorn.)
701 4292 826 4354 pollutior
838 4290 866 4340 ol
874 4291 915 4340 his
925 4290 1063 4352 baptismal
1075 4289 1137 4339 sont.
