3128 4976
395 541 462 607 278
618 553 734 602 onera
758 553 884 602 aneon
909 551 1121 600 nnenonun.
1202 535 1287 616 [nra.
1305 551 1346 596 11.

397 711 600 793 tingendum
625 717 775 793 aptaret,
799 707 1005 773 videbantur
1027 726 1145 770 omnes
1167 707 1237 770 illae
1257 708 1347 770 ima-

398 812 496 892 gines
530 810 701 894 prosilire,
733 815 770 872 et
794 810 961 890 impetum
988 807 1024 869 in
1060 814 1346 889 praesumptorem

399 909 523 974 facere.
569 909 650 988 Quo
664 910 788 972 timore
807 926 947 990 pressus
963 905 1166 984 Gerbertus,
1180 907 1346 970 ambitum

400 1029 501 1072 suum
515 1008 643 1092 fregit:
667 1009 728 1071 sed
743 1027 813 1071 non
835 1005 1002 1071 abstinuit
1015 1007 1246 1070 cubicularius
1263 1007 1347 1088 quin

400 1108 567 1172 mirabilis
590 1107 726 1171 artificii
749 1106 939 1182 cultellum,
962 1125 1063 1186 quem
1087 1125 1215 1168 mensae
1237 1106 1348 1188 impo-

402 1208 508 1271 situm
527 1202 688 1285 ¹videret,
716 1207 909 1289 abriperet3
933 1205 1121 1268 arbitratus
1147 1203 1290 1282 scilicet,
1312 1205 1349 1267 in

402 1313 503 1370 tanta
527 1307 656 1389 praeda,
680 1325 826 1388 parvum
850 1304 1069 1367 latrocinium
1094 1323 1197 1386 posse
1228 1304 1348 1368 latere.

403 1405 536 1470 Verum
567 1425 650 1470 mox
680 1406 838 1468 omnibus
867 1404 1075 1485 imaginihus
1105 1422 1183 1466 cum
1210 1401 1350 1467 fremitu

403 1507 682 1586 exsurgentibus,
697 1525 783 1586 puer
804 1522 953 1587 quoque,
979 1504 1105 1566 emissa
1127 1502 1293 1566 arundine
1315 1503 1351 1565 in

404 1605 660 1682 carbunculum,
676 1605 836 1668 tenebras
851 1601 1011 1682 induxit3
1029 1609 1075 1679 et,
1087 1601 1153 1665 nisi
1165 1602 1225 1665 ille
1238 1603 1349 1665 moni-

406 1711 443 1767 tu
460 1704 590 1769 domini
604 1704 781 1768 cultellum
801 1702 943 1786 rejicere
964 1701 1203 1779 accelerasset,
1226 1721 1352 1783 graves

405 1804 507 1868 ambo
528 1822 651 1885 poenas
674 1803 861 1866 dedissent.
914 1800 971 1865 Sic
993 1801 1158 1864 insatiata
1180 1800 1351 1884 cupidita-

406 1900 451 1966 tis
469 1902 647 1982 voragine‚
660 1903 797 1966 laterna
818 1919 959 1983 gressus
977 1901 1134 1977 ducente,
1152 1901 1349 1964 discessum.

405 1999 509 2064 Talia
533 2001 629 2064 illum
653 2001 807 2065 adversis
828 2001 1017 2082 praestigiis
1040 1999 1273 2064 machinatum
1296 1999 1351 2062 su-

406 2099 487 2177 isse,
496 2107 660 2164 constans
674 2101 772 2182 vulgi
787 2101 903 2182 opinio
920 2093 1002 2163 ²est.
1054 2097 1306 2176 Veruntamen,
1321 2100 1353 2162 si

406 2201 484 2282 quis
495 2219 621 2265 verum·
630 2199 814 2281 diligenter
828 2201 1021 2281 exsculpat,
1030 2197 1161 2263 videbit
1174 2219 1238 2262 nec
1252 2198 1352 2262 Salo-

406 2319 554 2376 monem,
570 2300 626 2364 cui
640 2300 738 2364 Deus
760 2300 834 2381 ipse
850 2298 983 2363 dederit
999 2298 1214 2379 sapientiam,
1230 2298 1352 2381 hujus-

407 2418 446 2462 ce
465 2399 610 2462 inscium
634 2400 818 2462 commenti
843 2397 962 2475 fuisse,
988 2405 1028 2461 ut
1052 2399 1143 2461 enim
1160 2391 1353 2480 ³Josephus

407 2504 619 2562 auctorest:
647 2499 828 2562 thesauros
851 2498 979 2562 multos
1002 2516 1080 2560 cum
1102 2504 1202 2578 patre
1224 2496 1356 2561 defodit

407 2597 443 2660 in
467 2597 604 2673 localia,
629 2599 689 2680 qui
717 2604 814 2661 erant
848 2594 995 2683 (inquit)
1028 2597 1227 2661 mechanico
1250 2597 1353 2660 modo

407 2697 575 2760 reconditi
589 2699 653 2760 sub
667 2703 769 2760 terra.
806 2696 882 2760 Nec
899 2695 1104 2772 Hiroanum,
1118 2696 1301 2779 prophetia
1318 2705 1355 2761 et

408 2796 608 2882 fortitudine
622 2796 765 2871 clarum,
781 2796 853 2877 qui,
874 2803 914 2859 ut
928 2795 1116 2859 obsidionis
1143 2794 1276 2860 levaret
1298 2796 1353 2860 in·

403 2897 545 2980 juriam,
570 2895 613 2958 de
640 2895 756 2958 David
781 2894 964 2977 sepulchro
988 2895 1057 2958 tria
1081 2895 1191 2959 millia
1221 2896 1355 2960 talenta

408 2995 483 3058 auri
507 3000 582 3059 arte
605 2994 804 3057 mechanica
829 2995 931 3072 eruit,
960 3001 999 3057 ut
1022 2995 1194 3058 obsessori
1220 3003 1355 3077 partem

408 3099 635 3168 enumeraret,
659 3099 758 3174 parte
786 3093 1003 3157 xenodochia
1026 3100 1251 3158 construeret.
1303 3092 1355 3158 At

408 3210 490 3254 vero
519 3190 690 3268 Herodes
723 3191 783 3272 qui
808 3194 920 3274 magis
950 3194 1220 3275 praesumptione
1241 3205 1355 3275 quam

407 3290 552 3354 consilio
577 3290 667 3354 idern
692 3291 836 3372 aggredi
857 3293 1018 3369 voluerit,
1032 3293 1160 3356 multos
1183 3313 1227 3356 ex
1249 3294 1356 3357 satel-

407 3389 538 3468 litibus,
548 3390 628 3472 igne
639 3409 683 3454 ex
697 3391 851 3454 interiori
865 3398 964 3474 parte
975 3391 1177 3473 prodeunte,
1192 3393 1357 3457 amiserit.

409 3489 586 3554 Praeterea
601 3510 679 3554 cum
696 3490 799 3554 audio
815 3486 1022 3556 ⁴Dominum
1034 3490 1057 3554 J
1060 3511 1154 3556 esum
1174 3492 1357 3570 dicentem,

408 3588 537 3654 ‘Pater
550 3609 647 3653 mens
664 3608 773 3673 usque
787 3590 890 3654 modo
902 3597 1077 3672 operatur,
1089 3599 1125 3655 et
1134 3612 1199 3673 ego
1210 3593 1359 3675 oper0r‚'

407 3690 510 3752 credo
532 3690 623 3770 quod
645 3691 704 3771 qui
729 3689 863 3754 dederit
884 3689 1062 3753 Salomoni
1074 3691 1238 3756 virtutem
1252 3711 1359 3774 super

407 3787 592 3864 daemones,
608 3795 648 3852 ut
663 3787 752 3852 idem
767 3789 1066 3872 historiographus
1090 3798 1251 3868 testatur,
1270 3791 1358 3856 adeo

406 3895 447 3951 ut
462 3888 555 3951 dicat
572 3887 677 3952 etiam
699 3907 763 3952 suo
786 3897 940 3972 tempore
962 3888 1068 3954 fuisse
1091 3891 1184 3954 viros
1202 3891 1262 3973 qui
1277 3891 1357 3955 illos

441 4122 450 4154 ¹
464 4120 584 4193 Viderat]
595 4127 676 4186 E.L.;
688 4128 868 4190 viderat,A.S.
893 4127 970 4209 phua,
986 4127 1075 4188 Antiq.
1089 4127 1153 4176 Jud.
1165 4127 1209 4176 lib.
1222 4141 1266 4179 vu.
1280 4143 1303 4177 c.
1316 4132 1359 4191 16,

410 4194 531 4324 Galia]
545 4264 618 4312 sc.
630 4264 665 4313 n.
678 4266 709 4314 n.
719 4266 749 4313 n.
760 4282 766 4324 ;
778 4268 824 4328 aa,
834 4265 867 4314 A.
894 4198 939 4296 hb}
950 4201 1105 4328 illicia
1128 4267 1161 4315 r.
1175 4267 1203 4316 e.
1218 4267 1247 4315 c.
1259 4268 1294 4317 n
1306 4243 1358 4327 'n;

441 4332 588 4393 ³Joeepbuc
609 4338 692 4381 auctor
713 4337 771 4396 ert]
795 4336 867 4384 Jose-
893 4335 1031 4384 Dominum
1043 4337 1178 4397 meum‚L.
