3112 4968
425 507 491 573 364
645 521 759 570 unsri
783 519 910 569 aucun
935 520 1150 569 suenorum,
1230 506 1379 588 [mnu.

426 678 641 742 cantantium
666 678 853 741 infirmare.
905 675 997 740 Turn
1014 697 1097 741 vero
1122 678 1158 742 vi
1178 677 1298 742 divina
1320 680 1376 742 lu.

426 779 521 841 mina
536 776 711 854 veneficae,
730 778 827 841 cavis
845 777 986 841 orbibus
1008 775 1142 857 evulsa,
1160 796 1281 842 cruore
1297 798 1376 843 ver-

425 897 503 940 sum
533 877 744 960 polluerunt,
767 876 871 940 ‘Hoc
902 895 991 960 opus
1019 895 1138 940 eorum
1166 878 1226 960 qui
1257 877 1383 942 detra·-

424 975 511 1039 hunt
527 975 612 1040 mihi
628 975 721 1060 apud
732 976 934 1052 Dominum,
949 982 984 1038 et
998 977 1058 1058 qui
1073 975 1266 1058 loquuntur
1279 977 1374 1043 mala

425 1075 593 1140 adversus
609 1075 760 1139 animam
777 1076 913 1140 meam?
967 1073 1111 1139 Cruoris
1129 1076 1230 1158 signa
1247 1083 1372 1141 extant

425 1174 540 1251 hodie,
556 1175 807 1238 immanitatem
831 1174 1043 1238 mulierculae
1066 1181 1102 1238 et
1120 1174 1188 1238 Dei
1204 1176 1371 1240 ultionem

425 1274 607 1358 spirantia.
668 1273 921 1358 Corpusculum
952 1273 1066 1338 sancti
1099 1274 1280 1338 celebriter
1314 1296 1373 1340 co-

425 1373 521 1450 litur,
548 1393 610 1437 nec
631 1373 724 1437 ullus
746 1373 817 1437 fere
838 1374 936 1437 locus
961 1373 998 1436 in
1025 1371 1157 1454 Anglia
1179 1374 1304 1458 majori
1326 1377 1371 1440 ad

425 1471 553 1538 festum
570 1474 833 1538 adventantium
849 1480 1037 1537 veneratur
1053 1472 1258 1555 frequentia.
1299 1474 1372 1538 Ex-

425 1572 492 1654 igit
508 1571 573 1637 hoc
595 1580 630 1637 et
652 1573 806 1655 antiquae
827 1572 1025 1636 sanctitatis
1046 1572 1240 1656 persuasio,
1257 1580 1292 1637 et
1308 1575 1371 1638 mi·

426 1672 624 1738 raculorum
639 1674 760 1736 crebra
774 1673 955 1736 exhibitio.

389 1825 395 1836 .
477 1771 583 1856 §ala
596 1772 673 1836 Nec
686 1773 862 1836 vacabunt
874 1771 978 1835 laude
995 1780 1058 1836 tua
1074 1771 1212 1854 paginae
1229 1777 1370 1850 nostrae,

425 1871 511 1935 felix
527 1891 625 1955 puer,
644 1865 822 1938 ¹Wistane
839 1872 888 1936 fili
904 1869 1097 1948 Wimnndi,
1118 1870 1181 1935 filii
1197 1869 1370 1937 Wihtlafii

425 1972 519 2052 regis
544 1967 769 2048 Marciorum,
788 1977 824 2033 et
850 1970 1054 2035 Ethelfledac
1079 1969 1161 2034 filiae
1188 1968 1370 2034 Chelwulfi

422 2071 485 2153 qui
506 2069 574 2134 suit
595 2078 741 2153 patruus
765 2069 951 2136 Kenelmi:
975 2079 1022 2148 te,
1047 2071 1201 2153 inquam,
1224 2089 1293 2133 non
1315 2076 1369 2133 ta-

424 2170 521 2248 cebo,
539 2190 641 2254 quem
659 2169 838 2234 Berfertus
854 2177 1025 2252 cognatus
1039 2168 1169 2233 nefarie
1183 2169 1368 2232 interemit.

426 2269 624 2354 Norintque
646 2271 789 2352 posteri,
815 2270 922 2352 siqui
945 2269 1008 2332 has
1029 2268 1150 2333 literas
1172 2269 1369 2349 cognitione

423 2369 548 2450 dignas
565 2369 740 2447 duxerint,
755 2368 841 2433 nihil
855 2369 892 2432 in
908 2369 1025 2432 seculo
1041 2368 1168 2433 indolis
1185 2374 1256 2431 tuae
1272 2368 1371 2431 nobi-

423 2467 523 2531 litate
549 2469 747 2550 gloriosius
762 2489 833 2552 qua
856 2469 1014 2533 irritatus
1032 2461 1197 2532 ²infestus
1217 2467 1310 2532 lanio
1332 2473 1369 2530 te

424 2568 700 2649 mortificaverit3
718 2568 804 2632 nihil
820 2569 857 2632 in
868 2568 945 2633 Deo
959 2568 1113 2651 puritate
1129 2574 1192 2631 tua
1206 2567 1370 2630 innocen.

425 2667 509 2745 tiuS,
531 2687 601 2750 qua
622 2668 792 2732 invitatus
818 2667 974 2731 internus
1000 2668 1130 2731 arbiter
1148 2672 1182 2730 te
1209 2665 1372 2730 honorifi-

425 2769 581 2833 caverit:
605 2786 686 2832 nam
708 2767 798 2832 coelo
827 2767 978 2831 demissa
1004 2760 1183 2830 ³columua
1212 2764 1368 2844 lucifera,

425 2866 611 2950 densaeque
628 2869 740 2931 noctis
763 2867 962 2949 dirumpens
978 2866 1098 2949 pallia,
1113 2865 1293 2948 profundae
1311 2885 1370 2929 ca·

425 2985 500 3031 veae
528 2968 642 3031 scelus
663 2966 809 3044 detexit,
832 2966 1003 3030 carnificis
1024 2967 1215 3047 nequitiam
1239 2966 1367 3047 arguit.

425 3063 648 3149 Quapropter
657 3066 862 3130 venerandae
873 3066 1041 3147 reliquiae,
1049 3065 1175 3129 levatae
1185 3070 1367 3147 parentum

424 3161 548 3241 officio,
580 3163 798 3248 Rapendune
824 3164 948 3229 locatae
974 3171 1068 3242 sunt,
1096 3170 1178 3227 tunc
1203 3164 1367 3246 temporis

425 3256 577 3327 ⁴samoso
594 3266 806 3329 monasterio
822 3283 831 3344 3
852 3283 945 3328 nunc
962 3271 1016 3328 est
1033 3263 1118 3329 villa
1134 3263 1271 3326 comitis
1286 3261 1369 3326 Ces-

426 3363 565 3441 trensis,
588 3363 690 3448 cujus
706 3364 819 3445 gloria
835 3383 899 3446 pro
916 3364 988 3427 situ
1004 3363 1191 3428 vetustatis
1216 3361 1367 3426 exoleta.

425 3461 530 3527 Nunc
548 3463 782 3528 Eveshamum
805 3462 990 3541 inhabitas,
1014 3463 1140 3545 dignus
1162 3462 1223 3546 qui
1251 3461 1369 3525 saven-

425 3562 512 3626 tium
528 3564 620 3628 votis
634 3582 776 3626 serenus
794 3562 988 3644 indulgeas.

261 3687 424 3748 semmua„
475 3662 493 3745 §
509 3661 585 3726 213.
609 3662 664 3726 De
686 3663 874 3726 sanctitate
891 3681 1012 3744 regum
1032 3660 1263 3726 Orientalium
1282 3661 1371 3730 Sax-

260 3738 364 3839 pff
424 3780 529 3825 onum
563 3768 610 3825 et·
630 3756 862 3826 Orientalium
897 3759 1094 3844 Anglorum
1127 3761 1225 3824 Beda
1261 3761 1371 3824 multa

461 4019 629 4082 ¹Wietone.]
661 4019 819 4082 Conceming
847 4019 885 4068 St.
946 4014 1109 4087 ⁸Caluenna]
1129 4018 1164 4069 D.
1174 4019 1206 4068 E.
1218 4017 1373 4079 L.;colum·

424 4092 533 4154 Wistan,
542 4091 720 4141 consultMSS.
729 4090 885 4150 Harmiai,
911 4086 953 4151 ba,
964 4089 998 4138 A.
1011 4089 1040 4138 S.
1055 4090 1085 4138 C.

426 4161 792 4223 ‘DeMartyrios.Wistnni.’
947 4153 1093 4225 ⁴liubasa]
1120 4157 1148 4207 S.
1168 4159 1198 4208 C.
1216 4158 1251 4207 D.
1270 4157 1302 4206 E.
1323 4154 1373 4215 L.;

458 4229 670 4295 ’lffemualuaiod
682 4229 818 4281 A.D.E.L.
829 4245 836 4288 ς
847 4227 883 4276 in·
911 4226 977 4277 ulter
986 4229 994 4256 ‘
1003 4227 1116 4277 famoso'
1127 4227 1160 4278 A.
1170 4227 1244 4278 reads
1252 4227 1260 4255 ‘
1268 4228 1335 4276 sicut
1347 4227 1372 4275 iu

421 4299 502 4373 leatus
509 4303 583 4366 latro,
589 4301 617 4350 S.
627 4301 769 4363 ;iniaustus
777 4301 882 4362 latro‚C.
909 4299 990 4359 primo
1001 4299 1065 4349 libro
1073 4298 1156 4348 dixit?
