<?xml version="1.0" encoding="UTF-8"?>
<!DOCTYPE html PUBLIC "-//W3C//DTD XHTML 1.0 Transitional//EN"
    "http://www.w3.org/TR/xhtml1/DTD/xhtml1-transitional.dtd">
<html xmlns="http://www.w3.org/1999/xhtml" xml:lang="en" lang="en">
 <head>
  <title>
</title>
<meta http-equiv="Content-Type" content="text/html;charset=utf-8" />
  <meta name='ocr-system' content='tesseract 3.04.00' />
  <meta name='ocr-capabilities' content='ocr_page ocr_carea ocr_par ocr_line ocrx_word'/>
</head>
<body>
  <div class='ocr_page' id='page_1' title='image "./willelmimalmesb00willgoog_0276.png"; bbox 0 0 3128 4976; ppageno 0'>
   <div class='ocr_carea' id='block_1_1' title="bbox 392 443 1347 524">
    <p class='ocr_par' dir='ltr' id='par_1_1' title="bbox 392 443 1347 524">
     <span class='ocr_line' id='line_1_1' title="bbox 392 443 1347 524; baseline -0.003 -14"><span class='ocrx_word' id='word_1_1' title='bbox 392 443 458 510; x_wconf 72' lang='lat'>260</span> <span class='ocrx_word' id='word_1_2' title='bbox 617 459 730 507; x_wconf 72' lang='lat' dir='ltr'>GESTA</span> <span class='ocrx_word' id='word_1_3' title='bbox 754 459 881 508; x_wconf 85' lang='lat' dir='ltr'>nucuu</span> <span class='ocrx_word' id='word_1_4' title='bbox 904 459 1117 508; x_wconf 75' lang='lat' dir='ltr'>nucuonuu.</span> <span class='ocrx_word' id='word_1_5' title='bbox 1198 443 1286 524; x_wconf 83' lang='lat' dir='ltr'>[mn.</span> <span class='ocrx_word' id='word_1_6' title='bbox 1304 461 1347 508; x_wconf 91' lang='lat'>11.</span> 
     </span>
    </p>
   </div>
   <div class='ocr_carea' id='block_1_2' title="bbox 395 612 1389 4064">
    <p class='ocr_par' dir='ltr' id='par_1_2' title="bbox 395 612 1374 3054">
     <span class='ocr_line' id='line_1_2' title="bbox 395 612 1347 678; baseline -0.001 -1"><span class='ocrx_word' id='word_1_7' title='bbox 395 613 490 678; x_wconf 86' lang='lat' dir='ltr'>lebat</span> <span class='ocrx_word' id='word_1_8' title='bbox 522 612 704 678; x_wconf 77' lang='lat' dir='ltr'>alacritate</span> <span class='ocrx_word' id='word_1_9' title='bbox 732 613 904 678; x_wconf 90' lang='lat' dir='ltr'>eveheret.</span> <span class='ocrx_word' id='word_1_10' title='bbox 971 612 1101 677; x_wconf 78' lang='lat' dir='ltr'>(lassus</span> <span class='ocrx_word' id='word_1_11' title='bbox 1133 613 1234 676; x_wconf 92' lang='lat' dir='ltr'>labor</span> <span class='ocrx_word' id='word_1_12' title='bbox 1262 633 1347 676; x_wconf 91' lang='lat' dir='ltr'>con-</span> 
     </span>
     <span class='ocr_line' id='line_1_3' title="bbox 397 712 1345 796; baseline -0.001 -20"><span class='ocrx_word' id='word_1_13' title='bbox 397 713 555 787; x_wconf 87' lang='lat' dir='ltr'><strong>sumitur,</strong></span> <span class='ocrx_word' id='word_1_14' title='bbox 593 720 728 778; x_wconf 85' lang='lat' dir='ltr'>mutato</span> <span class='ocrx_word' id='word_1_15' title='bbox 758 732 894 795; x_wconf 90' lang='lat' dir='ltr'>quoque</span> <span class='ocrx_word' id='word_1_16' title='bbox 923 712 1083 796; x_wconf 89' lang='lat' dir='ltr'>jumento</span> <span class='ocrx_word' id='word_1_17' title='bbox 1118 732 1220 776; x_wconf 90' lang='lat' dir='ltr'>casus</span> <span class='ocrx_word' id='word_1_18' title='bbox 1252 712 1345 775; x_wconf 89' lang='lat' dir='ltr'>idem</span> 
     </span>
     <span class='ocr_line' id='line_1_4' title="bbox 398 812 1347 894; baseline 0 -20"><span class='ocrx_word' id='word_1_19' title='bbox 398 813 573 892; x_wconf 87' lang='lat' dir='ltr'>sequitur;</span> <span class='ocrx_word' id='word_1_20' title='bbox 604 812 790 888; x_wconf 82' lang='lat' dir='ltr'><strong>intellexit,</strong></span> <span class='ocrx_word' id='word_1_21' title='bbox 814 813 896 875; x_wconf 90' lang='lat' dir='ltr'>licet</span> <span class='ocrx_word' id='word_1_22' title='bbox 921 812 1032 889; x_wconf 91' lang='lat' dir='ltr'>tarde,</span> <span class='ocrx_word' id='word_1_23' title='bbox 1054 814 1194 875; x_wconf 89' lang='lat' dir='ltr'>brutum</span> <span class='ocrx_word' id='word_1_24' title='bbox 1223 819 1347 894; x_wconf 87' lang='lat' dir='ltr'>pectus</span> 
     </span>
     <span class='ocr_line' id='line_1_5' title="bbox 399 910 1346 994; baseline 0.002 -22"><span class='ocrx_word' id='word_1_25' title='bbox 399 929 468 991; x_wconf 91' lang='lat' dir='ltr'>quo</span> <span class='ocrx_word' id='word_1_26' title='bbox 484 917 683 992; x_wconf 80' lang='lat' dir='ltr'>portentum</span> <span class='ocrx_word' id='word_1_27' title='bbox 697 910 783 975; x_wconf 91' lang='lat' dir='ltr'>illud</span> <span class='ocrx_word' id='word_1_28' title='bbox 798 911 1003 992; x_wconf 82' lang='lat' dir='ltr'>respiceret:</span> <span class='ocrx_word' id='word_1_29' title='bbox 1026 918 1240 994; x_wconf 88' lang='lat' dir='ltr'>quapropter</span> <span class='ocrx_word' id='word_1_30' title='bbox 1252 911 1346 992; x_wconf 93' lang='lat' dir='ltr'>quod</span> 
     </span>
     <span class='ocr_line' id='line_1_6' title="bbox 399 1002 1347 1094; baseline 0 -23"><span class='ocrx_word' id='word_1_31' title='bbox 399 1002 571 1091; x_wconf 87' lang='lat' dir='ltr'>¹ipsanon</span> <span class='ocrx_word' id='word_1_32' title='bbox 588 1010 714 1074; x_wconf 92' lang='lat' dir='ltr'>meruit</span> <span class='ocrx_word' id='word_1_33' title='bbox 726 1030 788 1094; x_wconf 89' lang='lat' dir='ltr'>per</span> <span class='ocrx_word' id='word_1_34' title='bbox 799 1010 905 1073; x_wconf 89' lang='lat' dir='ltr'>alium</span> <span class='ocrx_word' id='word_1_35' title='bbox 919 1010 992 1073; x_wconf 88' lang='lat' dir='ltr'>ficri</span> <span class='ocrx_word' id='word_1_36' title='bbox 1003 1011 1190 1074; x_wconf 89' lang='lat' dir='ltr'>consensit.</span> <span class='ocrx_word' id='word_1_37' title='bbox 1234 1009 1347 1072; x_wconf 90' lang='lat' dir='ltr'>Nam-</span> 
     </span>
     <span class='ocr_line' id='line_1_7' title="bbox 400 1108 1374 1192; baseline 0.002 -22"><span class='ocrx_word' id='word_1_38' title='bbox 400 1127 466 1189; x_wconf 92' lang='lat' dir='ltr'>que</span> <span class='ocrx_word' id='word_1_39' title='bbox 491 1108 640 1172; x_wconf 87' lang='lat' dir='ltr'>Elferius</span> <span class='ocrx_word' id='word_1_40' title='bbox 663 1109 723 1172; x_wconf 94' lang='lat' dir='ltr'>ille</span> <span class='ocrx_word' id='word_1_41' title='bbox 740 1127 842 1191; x_wconf 90' lang='lat' dir='ltr'>quem</span> <span class='ocrx_word' id='word_1_42' title='bbox 867 1127 973 1192; x_wconf 88' lang='lat' dir='ltr'>supra</span> <span class='ocrx_word' id='word_1_43' title='bbox 994 1109 1132 1191; x_wconf 89' lang='lat' dir='ltr'>culpavi</span> <span class='ocrx_word' id='word_1_44' title='bbox 1154 1108 1248 1191; x_wconf 90' lang='lat' dir='ltr'>quod</span> <span class='ocrx_word' id='word_1_45' title='bbox 1270 1129 1347 1172; x_wconf 93' lang='lat' dir='ltr'>mo·</span> <span class='ocrx_word' id='word_1_46' title='bbox 1371 1177 1374 1180; x_wconf 66' lang='grc'><strong>,</strong></span> 
     </span>
     <span class='ocr_line' id='line_1_8' title="bbox 400 1206 1348 1291; baseline 0 -21"><span class='ocrx_word' id='word_1_47' title='bbox 400 1208 553 1271; x_wconf 88' lang='lat' dir='ltr'>nasteria</span> <span class='ocrx_word' id='word_1_48' title='bbox 575 1208 816 1284; x_wconf 85' lang='lat' dir='ltr'>destruxisset,</span> <span class='ocrx_word' id='word_1_49' title='bbox 833 1209 1038 1272; x_wconf 88' lang='lat' dir='ltr'>temeritatis</span> <span class='ocrx_word' id='word_1_50' title='bbox 1060 1206 1234 1291; x_wconf 87' lang='lat' dir='ltr'>poenitens</span> <span class='ocrx_word' id='word_1_51' title='bbox 1258 1208 1348 1270; x_wconf 90' lang='lat' dir='ltr'>mul-</span> 
     </span>
     <span class='ocr_line' id='line_1_9' title="bbox 400 1306 1349 1389; baseline -0.002 -19"><span class='ocrx_word' id='word_1_52' title='bbox 400 1313 506 1388; x_wconf 91' lang='lat' dir='ltr'>toque</span> <span class='ocrx_word' id='word_1_53' title='bbox 525 1308 655 1389; x_wconf 90' lang='lat' dir='ltr'>gemitu</span> <span class='ocrx_word' id='word_1_54' title='bbox 677 1309 828 1372; x_wconf 88' lang='lat' dir='ltr'>animum</span> <span class='ocrx_word' id='word_1_55' title='bbox 851 1326 996 1388; x_wconf 90' lang='lat' dir='ltr'>angens,</span> <span class='ocrx_word' id='word_1_56' title='bbox 1020 1326 1119 1371; x_wconf 88' lang='lat' dir='ltr'>sacro</span> <span class='ocrx_word' id='word_1_57' title='bbox 1142 1307 1280 1388; x_wconf 87' lang='lat' dir='ltr'>corpori</span> <span class='ocrx_word' id='word_1_58' title='bbox 1303 1306 1349 1369; x_wconf 92' lang='lat' dir='ltr'>de</span> 
     </span>
     <span class='ocr_line' id='line_1_10' title="bbox 401 1404 1349 1489; baseline -0.002 -20"><span class='ocrx_word' id='word_1_59' title='bbox 401 1406 546 1488; x_wconf 81' lang='lat' dir='ltr'>ignobili</span> <span class='ocrx_word' id='word_1_60' title='bbox 569 1407 647 1472; x_wconf 92' lang='lat' dir='ltr'>loco</span> <span class='ocrx_word' id='word_1_61' title='bbox 677 1407 793 1472; x_wconf 88' lang='lat' dir='ltr'>levato</span> <span class='ocrx_word' id='word_1_62' title='bbox 819 1405 935 1489; x_wconf 88' lang='lat' dir='ltr'>justas</span> <span class='ocrx_word' id='word_1_63' title='bbox 963 1413 999 1470; x_wconf 90' lang='lat' dir='ltr'>et</span> <span class='ocrx_word' id='word_1_64' title='bbox 1024 1407 1183 1488; x_wconf 89' lang='lat' dir='ltr'>egregias</span> <span class='ocrx_word' id='word_1_65' title='bbox 1207 1404 1349 1468; x_wconf 87' lang='lat' dir='ltr'>inferias</span> 
     </span>
     <span class='ocr_line' id='line_1_11' title="bbox 402 1503 1348 1589; baseline -0.001 -21"><span class='ocrx_word' id='word_1_66' title='bbox 402 1505 495 1589; x_wconf 91' lang='lat' dir='ltr'>apud</span> <span class='ocrx_word' id='word_1_67' title='bbox 518 1505 761 1588; x_wconf 87' lang='lat' dir='ltr'>Scephtoniam</span> <span class='ocrx_word' id='word_1_68' title='bbox 776 1505 897 1584; x_wconf 90' lang='lat' dir='ltr'>solvit;</span> <span class='ocrx_word' id='word_1_69' title='bbox 915 1524 984 1569; x_wconf 93' lang='lat' dir='ltr'>non</span> <span class='ocrx_word' id='word_1_70' title='bbox 1001 1512 1117 1570; x_wconf 83' lang='lat' dir='ltr'>tamen</span> <span class='ocrx_word' id='word_1_71' title='bbox 1139 1503 1271 1586; x_wconf 86' lang='lat' dir='ltr'>effugit,</span> <span class='ocrx_word' id='word_1_72' title='bbox 1287 1505 1348 1568; x_wconf 85' lang='lat' dir='ltr'>sed</span> 
     </span>
     <span class='ocr_line' id='line_1_12' title="bbox 402 1603 1350 1687; baseline -0.003 -18"><span class='ocrx_word' id='word_1_73' title='bbox 402 1611 484 1687; x_wconf 90' lang='lat' dir='ltr'>post</span> <span class='ocrx_word' id='word_1_74' title='bbox 517 1624 646 1668; x_wconf 91' lang='lat' dir='ltr'>annum</span> <span class='ocrx_word' id='word_1_75' title='bbox 676 1605 850 1670; x_wconf 83' lang='lat' dir='ltr'>vermibus</span> <span class='ocrx_word' id='word_1_76' title='bbox 879 1623 966 1686; x_wconf 88' lang='lat' dir='ltr'>quos</span> <span class='ocrx_word' id='word_1_77' title='bbox 996 1604 1174 1687; x_wconf 85' lang='lat' dir='ltr'>pediculos</span> <span class='ocrx_word' id='word_1_78' title='bbox 1204 1603 1350 1667; x_wconf 89' lang='lat' dir='ltr'>dicimus</span> 
     </span>
     <span class='ocr_line' id='line_1_13' title="bbox 402 1701 1350 1786; baseline -0.002 -19"><span class='ocrx_word' id='word_1_79' title='bbox 402 1711 626 1786; x_wconf 85' lang='lat' dir='ltr'>consumptus</span> <span class='ocrx_word' id='word_1_80' title='bbox 643 1712 708 1768; x_wconf 86' lang='lat' dir='ltr'>est.</span> <span class='ocrx_word' id='word_1_81' title='bbox 760 1704 807 1767; x_wconf 87' lang='lat' dir='ltr'>Et</span> <span class='ocrx_word' id='word_1_82' title='bbox 820 1702 983 1785; x_wconf 88' lang='lat' dir='ltr'>quoniam</span> <span class='ocrx_word' id='word_1_83' title='bbox 1002 1705 1136 1767; x_wconf 88' lang='lat' dir='ltr'>animus</span> <span class='ocrx_word' id='word_1_84' title='bbox 1158 1701 1350 1784; x_wconf 92' lang='lat' dir='ltr'>indiscipli-</span> 
     </span>
     <span class='ocr_line' id='line_1_14' title="bbox 401 1803 1349 1885; baseline -0.001 -21"><span class='ocrx_word' id='word_1_85' title='bbox 401 1808 505 1865; x_wconf 87' lang='lat' dir='ltr'>natus</span> <span class='ocrx_word' id='word_1_86' title='bbox 527 1803 602 1884; x_wconf 91' lang='lat' dir='ltr'>ipse</span> <span class='ocrx_word' id='word_1_87' title='bbox 627 1803 693 1866; x_wconf 91' lang='lat' dir='ltr'>sibi</span> <span class='ocrx_word' id='word_1_88' title='bbox 717 1810 926 1866; x_wconf 87' lang='lat' dir='ltr'>tormentum</span> <span class='ocrx_word' id='word_1_89' title='bbox 955 1810 1020 1880; x_wconf 89' lang='lat' dir='ltr'>est,</span> <span class='ocrx_word' id='word_1_90' title='bbox 1045 1803 1245 1885; x_wconf 90' lang='lat' dir='ltr'>patiturque</span> <span class='ocrx_word' id='word_1_91' title='bbox 1266 1820 1349 1865; x_wconf 91' lang='lat' dir='ltr'>suos</span> 
     </span>
     <span class='ocr_line' id='line_1_15' title="bbox 402 1900 1350 1979; baseline 0 -17"><span class='ocrx_word' id='word_1_92' title='bbox 402 1900 506 1963; x_wconf 88' lang='lat' dir='ltr'>etiam</span> <span class='ocrx_word' id='word_1_93' title='bbox 537 1901 592 1964; x_wconf 93' lang='lat' dir='ltr'>hic</span> <span class='ocrx_word' id='word_1_94' title='bbox 621 1921 718 1965; x_wconf 87' lang='lat' dir='ltr'>mens</span> <span class='ocrx_word' id='word_1_95' title='bbox 750 1903 856 1965; x_wconf 86' lang='lat' dir='ltr'>anxia</span> <span class='ocrx_word' id='word_1_96' title='bbox 891 1921 1022 1979; x_wconf 86' lang='lat' dir='ltr'>manes,</span> <span class='ocrx_word' id='word_1_97' title='bbox 1053 1900 1187 1965; x_wconf 86' lang='lat' dir='ltr'>Elfrida</span> <span class='ocrx_word' id='word_1_98' title='bbox 1216 1901 1259 1964; x_wconf 88' lang='lat' dir='ltr'>de</span> <span class='ocrx_word' id='word_1_99' title='bbox 1287 1901 1350 1963; x_wconf 92' lang='lat' dir='ltr'>illo</span> 
     </span>
     <span class='ocr_line' id='line_1_16' title="bbox 402 1998 1351 2083; baseline 0 -21"><span class='ocrx_word' id='word_1_100' title='bbox 402 1998 512 2080; x_wconf 88' lang='lat' dir='ltr'>regali</span> <span class='ocrx_word' id='word_1_101' title='bbox 544 2001 726 2082; x_wconf 90' lang='lat' dir='ltr'>supercilio</span> <span class='ocrx_word' id='word_1_102' title='bbox 761 2000 928 2064; x_wconf 85' lang='lat' dir='ltr'>inclinata</span> <span class='ocrx_word' id='word_1_103' title='bbox 956 2001 1029 2064; x_wconf 93' lang='lat' dir='ltr'>dire</span> <span class='ocrx_word' id='word_1_104' title='bbox 1058 1999 1233 2083; x_wconf 84' lang='lat' dir='ltr'>poenituit,</span> <span class='ocrx_word' id='word_1_105' title='bbox 1262 1999 1351 2062; x_wconf 90' lang='lat' dir='ltr'>adeo</span> 
     </span>
     <span class='ocr_line' id='line_1_17' title="bbox 402 2099 1351 2182; baseline -0.001 -21"><span class='ocrx_word' id='word_1_106' title='bbox 402 2106 442 2163; x_wconf 94' lang='lat' dir='ltr'>ut</span> <span class='ocrx_word' id='word_1_107' title='bbox 470 2099 589 2164; x_wconf 91' lang='lat' dir='ltr'>multis</span> <span class='ocrx_word' id='word_1_108' title='bbox 618 2100 719 2163; x_wconf 88' lang='lat' dir='ltr'>aunis</span> <span class='ocrx_word' id='word_1_109' title='bbox 749 2100 842 2182; x_wconf 89' lang='lat' dir='ltr'>apud</span> <span class='ocrx_word' id='word_1_110' title='bbox 867 2099 1112 2164; x_wconf 87' lang='lat' dir='ltr'>Warewellam</span> <span class='ocrx_word' id='word_1_111' title='bbox 1142 2118 1278 2163; x_wconf 90' lang='lat' dir='ltr'>carnem</span> <span class='ocrx_word' id='word_1_112' title='bbox 1312 2099 1351 2160; x_wconf 93' lang='lat' dir='ltr'>in</span> 
     </span>
     <span class='ocr_line' id='line_1_18' title="bbox 403 2198 1350 2276; baseline -0.002 -14"><span class='ocrx_word' id='word_1_113' title='bbox 403 2198 534 2262; x_wconf 92' lang='lat' dir='ltr'>deliciis</span> <span class='ocrx_word' id='word_1_114' title='bbox 570 2201 737 2264; x_wconf 88' lang='lat' dir='ltr'>nutritam</span> <span class='ocrx_word' id='word_1_115' title='bbox 777 2199 888 2262; x_wconf 90' lang='lat' dir='ltr'>cilicio</span> <span class='ocrx_word' id='word_1_116' title='bbox 926 2198 1159 2276; x_wconf 86' lang='lat' dir='ltr'>convolveret,</span> <span class='ocrx_word' id='word_1_117' title='bbox 1188 2198 1350 2262; x_wconf 86' lang='lat' dir='ltr'>noctibus</span> 
     </span>
     <span class='ocr_line' id='line_1_19' title="bbox 402 2297 1352 2374; baseline 0.005 -15"><span class='ocrx_word' id='word_1_118' title='bbox 402 2297 477 2360; x_wconf 85' lang='lat' dir='ltr'>solo</span> <span class='ocrx_word' id='word_1_119' title='bbox 492 2305 603 2362; x_wconf 88' lang='lat' dir='ltr'>strata</span> <span class='ocrx_word' id='word_1_120' title='bbox 617 2300 692 2363; x_wconf 90' lang='lat' dir='ltr'>siue</span> <span class='ocrx_word' id='word_1_121' title='bbox 707 2297 867 2363; x_wconf 87' lang='lat' dir='ltr'>cervicali</span> <span class='ocrx_word' id='word_1_122' title='bbox 880 2316 1039 2362; x_wconf 91' lang='lat' dir='ltr'>somnum</span> <span class='ocrx_word' id='word_1_123' title='bbox 1052 2297 1217 2374; x_wconf 87' lang='lat' dir='ltr'>hauriret,</span> <span class='ocrx_word' id='word_1_124' title='bbox 1232 2316 1352 2364; x_wconf 80' lang='lat' dir='ltr'>cruces</span> 
     </span>
     <span class='ocr_line' id='line_1_20' title="bbox 403 2395 1352 2480; baseline 0 -23"><span class='ocrx_word' id='word_1_125' title='bbox 403 2403 572 2478; x_wconf 86' lang='lat' dir='ltr'>praeterea</span> <span class='ocrx_word' id='word_1_126' title='bbox 608 2417 831 2480; x_wconf 88' lang='lat' dir='ltr'>quascunque</span> <span class='ocrx_word' id='word_1_127' title='bbox 856 2404 974 2479; x_wconf 89' lang='lat' dir='ltr'>posset</span> <span class='ocrx_word' id='word_1_128' title='bbox 1003 2397 1139 2478; x_wconf 87' lang='lat' dir='ltr'>corpori</span> <span class='ocrx_word' id='word_1_129' title='bbox 1172 2395 1352 2459; x_wconf 90' lang='lat' dir='ltr'>commini-</span> 
     </span>
     <span class='ocr_line' id='line_1_21' title="bbox 403 2495 1352 2578; baseline 0 -21"><span class='ocrx_word' id='word_1_130' title='bbox 403 2514 523 2574; x_wconf 90' lang='lat' dir='ltr'>scens;</span> <span class='ocrx_word' id='word_1_131' title='bbox 557 2497 715 2578; x_wconf 88' lang='lat' dir='ltr'>speciosa</span> <span class='ocrx_word' id='word_1_132' title='bbox 744 2497 866 2559; x_wconf 92' lang='lat' dir='ltr'>mulier</span> <span class='ocrx_word' id='word_1_133' title='bbox 892 2503 927 2559; x_wconf 87' lang='lat' dir='ltr'>et</span> <span class='ocrx_word' id='word_1_134' title='bbox 951 2495 1093 2578; x_wconf 92' lang='lat' dir='ltr'>pulchre</span> <span class='ocrx_word' id='word_1_135' title='bbox 1118 2495 1193 2558; x_wconf 87' lang='lat' dir='ltr'>viro</span> <span class='ocrx_word' id='word_1_136' title='bbox 1223 2495 1352 2572; x_wconf 86' lang='lat' dir='ltr'>sobria,</span> 
     </span>
     <span class='ocr_line' id='line_1_22' title="bbox 404 2593 1352 2677; baseline 0.001 -20"><span class='ocrx_word' id='word_1_137' title='bbox 404 2593 465 2658; x_wconf 90' lang='lat' dir='ltr'>sed</span> <span class='ocrx_word' id='word_1_138' title='bbox 493 2595 575 2676; x_wconf 89' lang='lat' dir='ltr'>quia</span> <span class='ocrx_word' id='word_1_139' title='bbox 607 2603 741 2660; x_wconf 86' lang='lat' dir='ltr'>tantum</span> <span class='ocrx_word' id='word_1_140' title='bbox 772 2595 869 2659; x_wconf 87' lang='lat' dir='ltr'>nefas</span> <span class='ocrx_word' id='word_1_141' title='bbox 898 2595 1070 2658; x_wconf 90' lang='lat' dir='ltr'>commisit</span> <span class='ocrx_word' id='word_1_142' title='bbox 1097 2613 1204 2677; x_wconf 90' lang='lat' dir='ltr'>poena</span> <span class='ocrx_word' id='word_1_143' title='bbox 1232 2593 1352 2674; x_wconf 86' lang='lat' dir='ltr'>digna.</span> 
     </span>
     <span class='ocr_line' id='line_1_23' title="bbox 405 2691 1350 2776; baseline -0.004 -18"><span class='ocrx_word' id='word_1_144' title='bbox 405 2693 652 2776; x_wconf 86' lang='lat' dir='ltr'>Creditumque</span> <span class='ocrx_word' id='word_1_145' title='bbox 676 2703 711 2760; x_wconf 90' lang='lat' dir='ltr'>et</span> <span class='ocrx_word' id='word_1_146' title='bbox 724 2693 905 2759; x_wconf 87' lang='lat' dir='ltr'>celebriter</span> <span class='ocrx_word' id='word_1_147' title='bbox 917 2693 1110 2775; x_wconf 86' lang='lat' dir='ltr'>vulgatum,</span> <span class='ocrx_word' id='word_1_148' title='bbox 1125 2691 1230 2775; x_wconf 91' lang='lat' dir='ltr'>quod,</span> <span class='ocrx_word' id='word_1_149' title='bbox 1245 2712 1350 2774; x_wconf 92' lang='lat' dir='ltr'>prop-</span> 
     </span>
     <span class='ocr_line' id='line_1_24' title="bbox 404 2791 1354 2877; baseline -0.002 -21"><span class='ocrx_word' id='word_1_150' title='bbox 404 2800 458 2856; x_wconf 89' lang='lat' dir='ltr'>ter</span> <span class='ocrx_word' id='word_1_151' title='bbox 481 2794 557 2877; x_wconf 88' lang='lat' dir='ltr'>ejus</span> <span class='ocrx_word' id='word_1_152' title='bbox 579 2794 616 2856; x_wconf 90' lang='lat' dir='ltr'>iu</span> <span class='ocrx_word' id='word_1_153' title='bbox 641 2794 850 2859; x_wconf 87' lang='lat' dir='ltr'>Edwardum</span> <span class='ocrx_word' id='word_1_154' title='bbox 873 2792 1104 2869; x_wconf 85' lang='lat' dir='ltr'>insolentiam,</span> <span class='ocrx_word' id='word_1_155' title='bbox 1132 2791 1242 2854; x_wconf 90' lang='lat' dir='ltr'>multo</span> <span class='ocrx_word' id='word_1_156' title='bbox 1272 2799 1354 2872; x_wconf 90' lang='lat' dir='ltr'>post</span> 
     </span>
     <span class='ocr_line' id='line_1_25' title="bbox 404 2891 1355 2975; baseline -0.004 -19"><span class='ocrx_word' id='word_1_157' title='bbox 404 2893 559 2974; x_wconf 78' lang='lat' dir='ltr'>tem&#39;pore&#39;</span> <span class='ocrx_word' id='word_1_158' title='bbox 577 2899 653 2955; x_wconf 91' lang='lat' dir='ltr'>tota</span> <span class='ocrx_word' id='word_1_159' title='bbox 668 2893 783 2975; x_wconf 89' lang='lat' dir='ltr'>patria</span> <span class='ocrx_word' id='word_1_160' title='bbox 804 2891 1006 2956; x_wconf 87' lang='lat' dir='ltr'>servitutem</span> <span class='ocrx_word' id='word_1_161' title='bbox 1027 2891 1260 2955; x_wconf 84' lang='lat' dir='ltr'>infremuisset</span> <span class='ocrx_word' id='word_1_162' title='bbox 1273 2891 1355 2953; x_wconf 93' lang='lat' dir='ltr'>bar-</span> 
     </span>
     <span class='ocr_line' id='line_1_26' title="bbox 403 2991 1262 3054; baseline 0.001 -1"><span class='ocrx_word' id='word_1_163' title='bbox 403 2991 566 3054; x_wconf 88' lang='lat' dir='ltr'>baricam.</span> <span class='ocrx_word' id='word_1_164' title='bbox 1195 3051 1196 3054; x_wconf 74' lang='grc'>,</span> <span class='ocrx_word' id='word_1_165' title='bbox 1259 2997 1262 3001; x_wconf 88' lang='grc'>’</span> 
     </span>
    </p>

    <p class='ocr_par' dir='ltr' id='par_1_3' title="bbox 405 3086 1389 4064">
     <span class='ocr_line' id='line_1_27' title="bbox 457 3086 1353 3172; baseline 0 -21"><span class='ocrx_word' id='word_1_166' title='bbox 457 3089 474 3171; x_wconf 86' lang='lat'><em>§</em></span> <span class='ocrx_word' id='word_1_167' title='bbox 505 3088 581 3151; x_wconf 87' lang='grc'><strong>163.</strong></span> <span class='ocrx_word' id='word_1_168' title='bbox 619 3086 721 3150; x_wconf 88' lang='lat' dir='ltr'>Certe</span> <span class='ocrx_word' id='word_1_169' title='bbox 755 3088 847 3169; x_wconf 88' lang='lat' dir='ltr'>apud</span> <span class='ocrx_word' id='word_1_170' title='bbox 886 3088 1097 3153; x_wconf 88' lang='lat' dir='ltr'>Sceftoniam</span> <span class='ocrx_word' id='word_1_171' title='bbox 1135 3089 1353 3172; x_wconf 88' lang='lat' dir='ltr'>splendidum</span> 
     </span>
     <span class='ocr_line' id='line_1_28' title="bbox 405 3186 1354 3270; baseline 0.008 -23"><span class='ocrx_word' id='word_1_172' title='bbox 405 3188 510 3268; x_wconf 83' lang='lat' dir='ltr'>regiae</span> <span class='ocrx_word' id='word_1_173' title='bbox 538 3186 778 3250; x_wconf 86' lang='lat' dir='ltr'>sanctitudinis</span> <span class='ocrx_word' id='word_1_174' title='bbox 813 3186 1007 3269; x_wconf 82' lang='lat' dir='ltr'>refulgurat</span> <span class='ocrx_word' id='word_1_175' title='bbox 1034 3189 1231 3270; x_wconf 68' lang='lat' dir='ltr'>speculum</span> <span class='ocrx_word' id='word_1_176' title='bbox 1266 3208 1354 3270; x_wconf 88' lang='lat' dir='ltr'>quo-.</span> 
     </span>
     <span class='ocr_line' id='line_1_29' title="bbox 405 3285 1353 3370; baseline 0.001 -21"><span class='ocrx_word' id='word_1_177' title='bbox 405 3285 499 3349; x_wconf 88' lang='lat' dir='ltr'>niam</span> <span class='ocrx_word' id='word_1_178' title='bbox 513 3286 606 3350; x_wconf 90' lang='lat' dir='ltr'>illius</span> <span class='ocrx_word' id='word_1_179' title='bbox 622 3285 751 3348; x_wconf 88' lang='lat' dir='ltr'>meritis</span> <span class='ocrx_word' id='word_1_180' title='bbox 766 3286 952 3368; x_wconf 89' lang='lat' dir='ltr'>deputatur</span> <span class='ocrx_word' id='word_1_181' title='bbox 967 3287 1058 3370; x_wconf 93' lang='lat' dir='ltr'>quod</span> <span class='ocrx_word' id='word_1_182' title='bbox 1075 3288 1198 3352; x_wconf 89' lang='lat' dir='ltr'>coloci</span> <span class='ocrx_word' id='word_1_183' title='bbox 1222 3288 1353 3351; x_wconf 90' lang='lat' dir='ltr'>multus</span> 
     </span>
     <span class='ocr_line' id='line_1_30' title="bbox 405 3385 1354 3463; baseline 0 -15"><span class='ocrx_word' id='word_1_184' title='bbox 405 3385 608 3450; x_wconf 87' lang='lat' dir='ltr'>devotarum</span> <span class='ocrx_word' id='word_1_185' title='bbox 624 3386 701 3450; x_wconf 90' lang='lat' dir='ltr'>Deo</span> <span class='ocrx_word' id='word_1_186' title='bbox 716 3385 934 3450; x_wconf 86' lang='lat' dir='ltr'>foeminarum</span> <span class='ocrx_word' id='word_1_187' title='bbox 955 3387 1092 3463; x_wconf 76' lang='lat' dir='ltr'>choruS,</span> <span class='ocrx_word' id='word_1_188' title='bbox 1118 3387 1275 3451; x_wconf 90' lang='lat' dir='ltr'>claritate</span> <span class='ocrx_word' id='word_1_189' title='bbox 1298 3406 1354 3449; x_wconf 91' lang='lat' dir='ltr'>re-</span> 
     </span>
     <span class='ocr_line' id='line_1_31' title="bbox 405 3485 1389 3568; baseline 0 -22"><span class='ocrx_word' id='word_1_190' title='bbox 405 3485 546 3568; x_wconf 88' lang='lat' dir='ltr'>ligionis</span> <span class='ocrx_word' id='word_1_191' title='bbox 572 3493 683 3550; x_wconf 86' lang='lat' dir='ltr'>terras</span> <span class='ocrx_word' id='word_1_192' title='bbox 705 3485 791 3548; x_wconf 89' lang='lat' dir='ltr'>istas</span> <span class='ocrx_word' id='word_1_193' title='bbox 821 3485 1003 3562; x_wconf 60' lang='lat' dir='ltr'>irradians</span> <span class='ocrx_word' id='word_1_194' title='bbox 1036 3487 1140 3550; x_wconf 90' lang='lat' dir='ltr'>etiam</span> <span class='ocrx_word' id='word_1_195' title='bbox 1169 3487 1246 3568; x_wconf 90' lang='lat' dir='ltr'>ipsa</span> <span class='ocrx_word' id='word_1_196' title='bbox 1275 3505 1354 3567; x_wconf 89' lang='lat' dir='ltr'>per·</span> <span class='ocrx_word' id='word_1_197' title='bbox 1384 3553 1389 3560; x_wconf 59' lang='grc'><em>,</em></span> 
     </span>
     <span class='ocr_line' id='line_1_32' title="bbox 406 3584 1353 3668; baseline 0.003 -22"><span class='ocrx_word' id='word_1_198' title='bbox 406 3585 546 3668; x_wconf 88' lang='lat' dir='ltr'>stringit</span> <span class='ocrx_word' id='word_1_199' title='bbox 563 3585 689 3648; x_wconf 78' lang='lat' dir='ltr'>sidera</span> <span class='ocrx_word' id='word_1_200' title='bbox 741 3584 819 3647; x_wconf 92' lang='lat' dir='ltr'>Illic</span> <span class='ocrx_word' id='word_1_201' title='bbox 845 3604 952 3648; x_wconf 87' lang='lat' dir='ltr'>sacrae</span> <span class='ocrx_word' id='word_1_202' title='bbox 967 3586 1118 3668; x_wconf 88' lang='lat' dir='ltr'>virgines</span> <span class='ocrx_word' id='word_1_203' title='bbox 1141 3586 1269 3649; x_wconf 87' lang='lat' dir='ltr'>nullius</span> <span class='ocrx_word' id='word_1_204' title='bbox 1291 3605 1353 3666; x_wconf 89' lang='lat' dir='ltr'>pe-</span> 
     </span>
     <span class='ocr_line' id='line_1_33' title="bbox 405 3684 1354 3766; baseline 0.001 -21"><span class='ocrx_word' id='word_1_205' title='bbox 405 3684 499 3746; x_wconf 90' lang='lat' dir='ltr'>nitus</span> <span class='ocrx_word' id='word_1_206' title='bbox 525 3684 730 3765; x_wconf 84' lang='lat' dir='ltr'>corruptelae</span> <span class='ocrx_word' id='word_1_207' title='bbox 760 3685 919 3761; x_wconf 85' lang='lat' dir='ltr'>consciae,</span> <span class='ocrx_word' id='word_1_208' title='bbox 946 3684 1017 3748; x_wconf 91' lang='lat' dir='ltr'>illic</span> <span class='ocrx_word' id='word_1_209' title='bbox 1045 3684 1217 3766; x_wconf 83' lang='lat' dir='ltr'>religiosae</span> <span class='ocrx_word' id='word_1_210' title='bbox 1242 3685 1354 3748; x_wconf 91' lang='lat' dir='ltr'>couti-</span> 
     </span>
     <span class='ocr_line' id='line_1_34' title="bbox 406 3782 1354 3866; baseline 0.001 -22"><span class='ocrx_word' id='word_1_211' title='bbox 406 3784 527 3845; x_wconf 86' lang='lat' dir='ltr'>nentes</span> <span class='ocrx_word' id='word_1_212' title='bbox 556 3789 636 3864; x_wconf 87' lang='lat' dir='ltr'>post</span> <span class='ocrx_word' id='word_1_213' title='bbox 661 3782 768 3864; x_wconf 91' lang='lat' dir='ltr'>primi</span> <span class='ocrx_word' id='word_1_214' title='bbox 798 3782 889 3846; x_wconf 88' lang='lat' dir='ltr'>thori</span> <span class='ocrx_word' id='word_1_215' title='bbox 912 3783 1063 3866; x_wconf 90' lang='lat' dir='ltr'>dampna</span> <span class='ocrx_word' id='word_1_216' title='bbox 1092 3784 1233 3847; x_wconf 86' lang='lat' dir='ltr'>secundi</span> <span class='ocrx_word' id='word_1_217' title='bbox 1262 3783 1354 3864; x_wconf 89' lang='lat' dir='ltr'>iguis</span> 
     </span>
     <span class='ocr_line' id='line_1_35' title="bbox 405 3881 1355 3963; baseline 0 -19"><span class='ocrx_word' id='word_1_218' title='bbox 405 3881 530 3945; x_wconf 89' lang='lat' dir='ltr'>nesciae</span> <span class='ocrx_word' id='word_1_219' title='bbox 547 3901 555 3961; x_wconf 93' lang='lat'>;</span> <span class='ocrx_word' id='word_1_220' title='bbox 579 3881 615 3944; x_wconf 91' lang='lat' dir='ltr'>in</span> <span class='ocrx_word' id='word_1_221' title='bbox 631 3900 775 3963; x_wconf 91' lang='lat' dir='ltr'>quarum</span> <span class='ocrx_word' id='word_1_222' title='bbox 800 3883 952 3948; x_wconf 91' lang='lat' dir='ltr'>omnium</span> <span class='ocrx_word' id='word_1_223' title='bbox 975 3883 1127 3947; x_wconf 85' lang='lat' dir='ltr'>moribus</span> <span class='ocrx_word' id='word_1_224' title='bbox 1148 3883 1200 3946; x_wconf 87' lang='lat' dir='ltr'>ita</span> <span class='ocrx_word' id='word_1_225' title='bbox 1220 3883 1355 3945; x_wconf 87' lang='lat' dir='ltr'>facetus</span> 
     </span>
     <span class='ocr_line' id='line_1_36' title="bbox 405 3980 1352 4064; baseline -0.002 -20"><span class='ocrx_word' id='word_1_226' title='bbox 405 3982 517 4062; x_wconf 91' lang='lat' dir='ltr'>pudor</span> <span class='ocrx_word' id='word_1_227' title='bbox 530 4001 608 4046; x_wconf 90' lang='lat' dir='ltr'>cum</span> <span class='ocrx_word' id='word_1_228' title='bbox 628 3999 749 4046; x_wconf 90' lang='lat' dir='ltr'>severa</span> <span class='ocrx_word' id='word_1_229' title='bbox 772 3982 943 4046; x_wconf 86' lang='lat' dir='ltr'>consentit</span> <span class='ocrx_word' id='word_1_230' title='bbox 957 3981 1142 4064; x_wconf 84' lang='lat' dir='ltr'>elegantia,</span> <span class='ocrx_word' id='word_1_231' title='bbox 1158 3981 1250 4064; x_wconf 89' lang='lat' dir='ltr'>quod</span> <span class='ocrx_word' id='word_1_232' title='bbox 1265 3980 1352 4044; x_wconf 91' lang='lat' dir='ltr'>nihil</span> 
     </span>
    </p>
   </div>
   <div class='ocr_carea' id='block_1_3' title="bbox 623 4207 1130 4281">
    <p class='ocr_par' dir='ltr' id='par_1_4' title="bbox 623 4207 1130 4281">
     <span class='ocr_line' id='line_1_37' title="bbox 623 4207 1130 4281; baseline 0.012 -21"><span class='ocrx_word' id='word_1_233' title='bbox 623 4211 631 4242; x_wconf 92' lang='lat'>¹</span> <span class='ocrx_word' id='word_1_234' title='bbox 651 4207 730 4281; x_wconf 78' lang='lat' dir='ltr'>Ipsa]</span> <span class='ocrx_word' id='word_1_235' title='bbox 744 4215 774 4264; x_wconf 82' lang='lat' dir='ltr'>G.</span> <span class='ocrx_word' id='word_1_236' title='bbox 787 4215 821 4266; x_wconf 91' lang='lat' dir='ltr'>D.</span> <span class='ocrx_word' id='word_1_237' title='bbox 835 4216 883 4275; x_wconf 85' lang='lat' dir='ltr'>E.;</span> <span class='ocrx_word' id='word_1_238' title='bbox 900 4230 947 4277; x_wconf 87' lang='lat' dir='ltr'>per</span> <span class='ocrx_word' id='word_1_239' title='bbox 963 4231 1000 4278; x_wconf 88' lang='lat' dir='ltr'>se,</span> <span class='ocrx_word' id='word_1_240' title='bbox 1011 4216 1045 4266; x_wconf 74' lang='lat' dir='ltr'>A.</span> <span class='ocrx_word' id='word_1_241' title='bbox 1058 4217 1087 4267; x_wconf 85' lang='lat' dir='ltr'>S.</span> <span class='ocrx_word' id='word_1_242' title='bbox 1099 4218 1130 4266; x_wconf 75' lang='lat' dir='ltr'>t.</span> 
     </span>
    </p>
   </div>
   <div class='ocr_carea' id='block_1_4' title="bbox 0 0 1582 4976">
    <p class='ocr_par' dir='ltr' id='par_1_5' title="bbox 0 0 1582 4976">
     <span class='ocr_line' id='line_1_38' title="bbox 0 0 1582 4976; baseline 0 0"><span class='ocrx_word' id='word_1_243' title='bbox 0 0 1582 4976; x_wconf 95' lang='lat' dir='ltr'> </span> 
     </span>
    </p>
   </div>
  </div>
 </body>
</html>
