3106 4974
263 853 298 892 lile
308 850 378 898 death,

264 904 320 942 A.D.
330 904 375 940 685.

417 461 463 526 22
643 477 756 526 unsri
779 477 906 527 nneuu
930 476 1144 526 ruscorum.
1241 463 1328 545 [nra.
1345 479 1372 527 r.

422 649 498 710 nos,
520 633 707 698 infestante
723 633 849 698 Ednico
863 633 935 698 filio
950 632 1104 716 Egberti,
1118 632 1317 715 frequenter
1336 640 1374 698 et

420 733 521 796 uaria
542 741 637 797 sorte
667 733 827 798 civilibus
847 733 948 796 bellis
969 733 1201 811 conflictatus,
1223 733 1372 797 novissi-

425 851 547 913 meque
557 832 676 915 jaeulo
693 849 820 916 corpus
829 833 1009 916 trajectus,
1024 827 1117 916 ¹ipso
1131 832 1274 897 vulnere
1284 833 1375 897 iuter

426 931 629 996 medendum
643 932 752 996 vitam
774 932 905 996 effudit.
957 933 1046 997 Sunt
1065 933 1125 1015 qui
1145 951 1216 996 non
1237 925 1376 996 ²tecent

426 1031 550 1096 fratres
570 1033 690 1096 ambos
710 1033 782 1096 cita
801 1039 911 1096 morte
933 1033 1056 1096 merito
1078 1032 1291 1096 crudelitatis
1314 1033 1377 1094 ab·

426 1138 603 1213 sumptos;
616 1125 722 1213 ⁸quod
735 1131 909 1214 Egbertus
924 1131 1013 1196 filios
1026 1133 1144 1215 patrui
1155 1125 1377 1194 *innocentes

426 1229 610 1309 occiderim
634 1230 821 1294 lautharius
845 1235 1015 1316 martyres
1038 1231 1239 1314 propalatos
1255 1228 1378 1294 'irrise-

426 1330 492 1394 rit:
516 1330 674 1412 quamvis
688 1329 783 1413 prior
796 1337 833 1394 et
845 1329 974 1394 sactum
994 1329 1210 1414 ingemuerit,
1224 1336 1260 1394 et
1274 1331 1392 1414 matri

427 1428 641 1492 fratruelium
658 1437 792 1512 partem
814 1429 938 1493 insulae
954 1429 1110 1496 'lanatos
1134 1430 1178 1493 ud
1202 1429 1379 1492 aedifican-

427 1529 509 1592 dum
522 1529 768 1594 monasterium
783 1530 1000 1593 concesserit.
1393 1609 1394 1613 Ἰ

481 1628 499 1711 ᾗ
514 1628 566 1690 14.
591 1627 668 1692 Nec
682 1628 830 1693 Edricus
849 1647 1011 1693 successu
1024 1627 1217 1711 tyrannidis
1234 1629 1380 1710 longum

430 1726 598 1808 gloriatus
624 1735 697 1806 est3
717 1727 777 1791 sed
801 1727 888 1790 citra
909 1728 1097 1800 biennium,
1119 1745 1238 1810 regno·
1255 1735 1291 1792 et
1304 1728 1381 1792 vita

430 1826 612 1908 spoliatus,
625 1826 773 1908 patriam
795 1826 1015 1890 lacerandam
1033 1826 1191 1892 hostibus
1205 1827 1381 1912 exposuit.

431 1925 606 1989 Continuo
647 1925 738 1989 enim
770 1925 910 2008 quidam
941 1926 1125 1990 Kedwalla
1159 1944 1237 1991 cum
1273 1926 1382 1992 fratre

432 2025 599 2103 Mollone,
612 2025 700 2088 alias
715 2043 800 2090 saue
823 2027 934 2090 bonus
957 2033 993 2090 et
1011 2024 1146 2103 efficax,
1158 2026 1383 2108 digladiabile

432 2123 549 2187 odium
573 2125 609 2187 in
631 2124 854 2189 cantuaritas
872 2124 1020 2208 spirans,
1042 2127 1182 2207 quantis
1194 2123 1311 2209 potuit
1322 2145 1382 2190 eo·

431 2224 583 2286 natibus·
597 2224 811 2307 provinciam
839 2225 968 2289 invasit
995 2225 1077 2288 olim
1105 2225 1270 2290 diuturna
1294 2245 1383 2309 pace

431 2321 602 2400 feriatam,
628 2322 688 2386 sed
716 2331 800 2387 tunc
835 2323 1001 2388 intestino
1026 2324 1118 2388 bello
1146 2324 1382 2404 dissidentem,

430 2422 572 2504 impune
585 2421 652 2486 sibi
665 2441 839 2486 cessuram
861 2423 1066 2488 arbitratus:
1091 2424 1151 2488 sed
1175 2445 1245 2490 non
1268 2425 1320 2489 ita
1344 2431 1383 2488 ut

432 2522 804 2604 sperabatimparatos,
816 2529 877 2586 aut
889 2523 994 2586 animi
1003 2524 1383 2606 vacuos,provinciales

432 2619 594 2702 offendit3
633 2621 801 2704 siquidem
838 2629 919 2704 post
945 2618 1056 2687 multa
1082 2623 1299 2690 incommoda
1329 2624 1382 2690 vi-

431 2720 537 2784 catim
560 2727 596 2786 et
619 2717 809 2804 oppidatim
831 2725 987 2804 accepta,
1009 2722 1148 2787 tandem
1172 2723 1316 2788 animati
1340 2723 1383 2788 ad

431 2837 556 2883 manus
581 2821 745 2900 veniunt3
777 2839 1033 2904 congressuque
1061 2823 1253 2905 superiores
1283 2822 1381 2887 Ked-

432 2918 571 2982 wallam
596 2919 633 2982 in
654 2923 754 3002 terga
767 2926 920 2998 vertunt,
938 2913 1130 3004 ⁵sratrcque
1150 2919 1187 2986 in
1205 2923 1383 3005 tugurium

434 3017 607 3100 quoddam
630 3014 819 3101 compulso,
840 3019 1081 3084 domunculam
1105 3021 1218 3104 ipsam
1240 3039 1383 3088 succen-

434 3117 532 3180 dunt.
585 3117 645 3181 Ita
671 3117 794 3196 Mello,
825 3118 907 3182 dum
939 3117 1139 3204 erumpendi
1173 3121 1211 3186 in
1247 3119 1383 3188 hostem

435 3217 570 3280 deesset
597 3217 753 3295 audacia,
781 3226 817 3283 et
845 3220 929 3283 totis
957 3221 1049 3285 circa
1076 3227 1205 3285 tectum
1239 3221 1384 3286 habenis

435 3324 621 3398 regnarent
641 3316 810 3395 incendia,
827 3311 934 3382 “inter
948 3319 1105 3384 flammas
1120 3311 1283 3385 'halitum
1305 3337 1384 3386 rue-

471 3515 548 3582 ¹Ipso
566 3517 663 3569 manere
682 3519 818 3570 ...eitam
835 3521 898 3584 effu·
924 3521 1102 3584 ‘innocentes,'
1115 3521 1177 3572 read
1197 3521 1245 3570 ‘ut
1262 3519 1338 3586 dlxi‚’
1356 3523 1384 3572 S.

435 3589 496 3653 dit]
505 3590 631 3639 Hldbheri
637 3589 697 3638 died
704 3590 775 3639 oihis
780 3591 899 3653 wouuds,
925 3591 955 3640 C.
968 3590 1003 3638 D.
1013 3591 1053 3642 M.

436 3660 479 3708 eth
491 3661 552 3709 Feb.
566 3659 637 3708 A.D.
649 3663 706 3709 686.
962 3657 1140 3724 ‘Frutreqtte.]
1152 3658 1383 3722 A.c.D.E.1..M.;

471 3725 604 3790 ²Taceat]
622 3728 657 3777 D.
669 3730 718 3789 E.;
735 3732 845 3791 taceant,
863 3727 898 3780 A.
922 3728 1050 3792 fratreque
1062 3729 1184 3792 Modone,
1196 3731 1225 3780 S.

437 3797 466 3847 S.
481 3799 511 3846 C.
523 3798 554 3846 L.
566 3798 605 3845 M.
957 3794 1057 3848 ⁶later
1068 3801 1205 3863 flammae]
1237 3796 1385 3850 Caedwalla

471 3865 565 3923 ³de
583 3864 708 3926 agbertus
723 3865 794 3931 filios
813 3864 898 3930 putrui
922 3868 972 3916 and
992 3869 1032 3918 his
1049 3871 1151 3920 brother
1161 3869 1229 3919 Mull
1239 3870 1293 3919 laid
1304 3875 1384 3920 waste

436 3937 573 3986 innoeentes
588 3934 725 4000 occiderit]
742 3937 830 3985 Elbert
847 3937 898 3986 and
923 3937 991 3986 licut
1002 3941 1027 3987 in
1038 3940 1080 3988 the
1093 3955 1155 4001 year
1173 3943 1232 4002 686,
1243 3942 1293 3988 aud
1304 3941 1331 3989 in
1341 3941 1383 3988 the

434 4005 584 4069 Aegilberht
594 4021 662 4054 were
675 4018 733 4055 sons
750 4005 780 4055 of
794 4007 897 4054 Ermen·
922 4007 1051 4070 following
1068 4024 1130 4071 year
1148 4009 1217 4058 Mull
1228 4024 1283 4058 was
1300 4011 1384 4071 burnt,

423 4073 493 4137 aar,
520 4075 685 4126 half-brother
711 4077 741 4124 oi
760 4077 896 4139 Ecgberht.
920 4077 983 4126 with
994 4079 1189 4129 twelveothers.
1218 4080 1279 4130 Sar.
1292 4081 1383 4129 Chron.

434 4146 609 4207 Malmesbury
627 4145 776 4194 afterwards
790 4148 861 4208 gives
880 4162 897 4196 a
920 4146 991 4197 A.D.
1003 4149 1061 4210 686,
1072 4151 1129 4198 687.

434 4216 510 4264 fuller
520 4220 627 4266 account
637 4216 667 4264 oi
674 4216 739 4264 their
750 4218 860 4266 murder.
956 4212 1112 4282 ⁷Hulitum.]
1124 4219 1157 4270 A.
1168 4220 1196 4268 S.
1205 4215 1240 4269 D.
1250 4221 1282 4270 E.
1291 4221 1321 4270 a.
1328 4219 1365 4268 M.
1376 4234 1383 4278 3

469 4284 652 4348 menemus]
669 4284 702 4334 A.
721 4285 753 4334 Ε.
765 4285 811 4346 L.;
830 4287 896 4335 aiter
921 4285 1039 4350 animaru,
1052 4290 1081 4338 C.
