3162 4972
397 459 462 530 164
621 475 735 524 casm
759 474 886 522 nrcuu
909 475 1125 524 nucnonuu.
1210 463 1296 544 [1111.
1313 479 1353 526 11.

399 661 476 706 sum
500 639 536 702 in
564 640 633 707 isto
654 637 821 702 ferventis
845 634 929 700 dolii
951 634 1088 710 balneo,
1114 641 1151 698 et
1167 633 1277 699 altero
1299 636 1355 700 die

399 746 613 806 transmutor
628 739 665 802 in
680 738 748 800 isto
771 734 977 799 suavissimo
991 734 1101 797 altero
1124 752 1225 816 aquae
1239 735 1354 816 doli0;

401 849 437 905 et
449 840 515 903 hoc
531 838 571 902 fit
585 838 743 921 precibus
758 835 869 898 sancti
883 833 981 898 Petri
995 840 1030 897 et
1044 833 1156 896 sancti
1171 826 1355 916 ¹Remigii,

401 939 501 1022 cujus
515 937 717 1020 patrociniis
740 935 906 998 hactenus
928 951 1038 1015 genus
1060 938 1217 996 nostrum
1239 934 1356 1015 regale

403 1038 572 1119 regnavit.
612 1036 692 1112 Sed,
709 1035 741 1097 si
754 1032 839 1097 mihi
853 1031 1054 1096 subveneris
1069 1031 1151 1107 cito,
1170 1039 1221 1107 tu,
1239 1039 1274 1096 et
1289 1035 1357 1096 mei

404 1137 522 1200 fideles
549 1135 702 1219 episcopi
717 1141 752 1197 et
764 1134 920 1209 abbates,
934 1138 970 1194 et
983 1131 1094 1195 omnis
1110 1131 1194 1194 ordo
1217 1132 1357 1196 ecclesi-

405 1237 547 1312 asticus,
565 1235 693 1311 missis,
707 1226 970 1306 'oblationibus
987 1228 1201 1312 psalmodiis,
1215 1231 1357 1314 vigiliis

405 1335 632 1410 eleemosinis,
646 1332 812 1397 velociter
834 1331 999 1393 liberatus
1021 1348 1080 1392 ero
1101 1329 1145 1392 de
1165 1329 1234 1393 isto
1256 1350 1358 1413 aquae

405 1434 581 1498 bullientis
604 1433 718 1511 dolio;
746 1449 826 1493 nam
848 1428 956 1493 frater
978 1446 1074 1490 meus
1098 1426 1297 1506 LothariuS,
1323 1439 1359 1495 et

407 1533 483 1617 ejus
504 1532 596 1596 filius
609 1531 827 1606 Lodowicus,
842 1528 956 1592 sancti
970 1527 1068 1590 Petri
1086 1528 1266 1610 sanctique
1286 1529 1360 1594 Re-

407 1632 504 1714 migii
517 1633 677 1714 precibus
691 1626 844 1711 exempti
858 1634 940 1690 sunt
955 1625 999 1690 de
1011 1626 1088 1690 istis
1102 1627 1229 1709 poenis,
1241 1628 1359 1712 etjam

408 1731 503 1794 ducti
524 1737 607 1793 sunt
632 1730 669 1792 in
691 1728 855 1810 gaudium
876 1726 1029 1810 paradisi
1043 1725 1146 1789 Dei.’'
1187 1727 1359 1810 Dixitque

409 1829 452 1892 ad
462 1848 528 1905 me,
538 1834 562 1863 “
572 1828 722 1912 Respice
733 1827 964 1890 sinistrorsum
979 1826 1012 1890 :''
1027 1844 1173 1906 cumque
1186 1828 1360 1909 respexis-

409 1947 493 2004 sem,
505 1927 576 1992 vidi
586 1928 633 1991 ibi
641 1928 710 1990 duo
719 1925 989 1990 doliaaltissima
999 1924 1190 1988 bullientia.
1212 1926 1360 2005 “Ista”

408 2027 505 2109 inqui
523 2032 569 2103 ,“
582 2033 663 2090 sunt
677 2027 739 2090 tibi
754 2032 962 2109 praeparata,
976 2025 1043 2088 nisi
1057 2032 1092 2088 te
1111 2026 1360 2104 emendaveris,

409 2133 445 2190 et
460 2126 699 2209 poenitentiam
716 2125 828 2206 egeris
851 2125 894 2188 de
916 2123 985 2187 tuis
1008 2123 1165 2187 nefandis
1179 2124 1314 2189 delictis
1327 2127 1360 2206 ;''

410 2227 569 2309 coepique
582 2235 665 2290 tunc
681 2225 834 2307 graviter
848 2223 998 2287 horrere.
1032 2223 1187 2306 Cumque
1204 2234 1360 2290 cerneret

409 2319 538 2388 'comes
552 2344 648 2388 meus
663 2325 699 2388 in
713 2331 811 2388 tanto
826 2342 955 2406 pavore
971 2341 1047 2385 esse
1062 2323 1220 2405 spiritum
1233 2344 1359 2402 meum,

381 2438 384 2446 '
409 2424 500 2488 dixit
524 2424 569 2487 ad
590 2444 657 2502 me,
673 2423 857 2504 “Sequere
879 2442 933 2486 me
953 2422 997 2486 ad
1022 2422 1182 2487 dextram
1205 2423 1361 2488 luculen-

407 2523 552 2587 tissimae
572 2523 673 2587 vallis
702 2521 890 2605 paradisi.’'
926 2520 999 2598 -Et,
1023 2541 1101 2585 cum
1125 2522 1359 2604 graderemur,

408 2624 662 2706 contemplatus
689 2642 765 2685 sum
786 2620 919 2703 ingenti
946 2619 1104 2684 claritate
1133 2640 1211 2684 cum
1233 2622 1360 2704 glorio·

409 2722 458 2785 sis
480 2724 619 2804 regibus
640 2722 759 2785 sedere
782 2720 985 2784 Lotharium
1009 2720 1219 2784 avunculum
1247 2742 1361 2786 meum

409 2840 514 2904 super
527 2822 676 2904 lapidem
690 2821 865 2902 topazium
879 2819 975 2882 mirae
989 2819 1249 2900 magnitudinis,
1263 2839 1361 2886 coro-

409 2927 529 2983 natum
553 2920 747 2983 diademate
771 2919 935 3000 pretioso,
963 2924 999 2980 et
1021 2917 1130 3000 juxta
1149 2938 1228 2983 eum
1251 2920 1360 2985 filium

410 3018 486 3102 ejus
498 3010 1126 3082 Lodowicumsimiliter⁴coronatum
1151 3018 1359 3097 Vidensme,

410 3116 566 3180 cominus
579 3111 790 3192 ⁵accersivit,
805 3116 933 3179 blanda
942 3135 1027 3180 voce
1037 3116 1167 3194 dicens,
1181 3123 1203 3152 “
1216 3118 1359 3196 Karole,

409 3234 588 3279 successor
612 3234 709 3279 meus
733 3235 824 3279 nunc
847 3208 987 3279 ⁶tertius
1010 3214 1046 3278 in
1059 3216 1211 3300 'imperio
1229 3218 1359 3283 Roma-

447 3486 454 3516 ¹
473 3487 608 3559 Remigii]
640 3491 677 3541 St.
697 3492 779 3554 Remi,
803 3493 875 3542 arch-
933 3490 1124 3556 ⁴Coronetum.]
1137 3492 1170 3543 A.
1184 3494 1213 3543 S.
1228 3495 1258 3543 C.
1270 3494 1302 3544 E.
1311 3494 1360 3554 L.;

409 3557 501 3623 bishop
512 3561 542 3610 of
550 3562 663 3624 Rheims,
680 3562 723 3610 the
734 3563 832 3623 epostle
849 3563 878 3611 ol
899 3577 991 3611 corona
1001 3568 1155 3625 coronatum,
1167 3563 1202 3613 D.
1214 3563 1253 3612 M.

410 3628 517 3690 Franco,
527 3631 585 3678 who
600 3632 622 3680 is
634 3633 762 3693 supposed
773 3636 799 3680 to
809 3632 874 3680 have
933 3628 1115 3700 ‘Accersivit.]
1127 3631 1161 3683 A.
1171 3633 1206 3682 Ι).
1218 3634 1251 3682 Ε.
1258 3633 1290 3682 L.
1300 3651 1308 3694 3
1319 3648 1361 3683 ac·

410 3698 528 3758 baptized
537 3700 632 3749 Oloris.
659 3701 712 3748 The
721 3716 874 3750 commence-
899 3703 1001 3751 cersivit
1011 3717 1059 3764 me,
1072 3703 1100 3753 S.
1115 3704 1144 3753 C.

411 3771 479 3814 ment
497 3768 526 3816 ot
545 3768 585 3817 his
603 3769 748 3830 episcopate
767 3771 790 3818 is
808 3786 874 3819 com·
935 3768 1081 3835 ⁶Tertius]
1104 3772 1158 3820 The
1177 3787 1291 3833 emperor
1312 3772 1361 3820 Lo-

411 3836 495 3897 monly
507 3836 616 3887 referred
636 3842 661 3886 to
680 3838 722 3887 the
738 3853 800 3899 year
816 3844 874 3901 457,
899 3841 979 3890 thaire
990 3856 1045 3890 was
1057 3843 1198 3891 succeeded
1217 3844 1251 3902 by
1262 3842 1303 3890 his
1314 3857 1360 3891 son

411 3905 461 3953 and
473 3905 513 3954 his
521 3907 597 3956 death
605 3907 708 3958 toan.
717 3913 775 3958 530.
792 3909 874 3976 (Bou
898 3910 977 3960 Leuis
988 3912 1026 3972 II,
1037 3911 1156 3960 followed
1167 3913 1200 3973 by
1213 3911 1319 3961 Charles
1335 3913 1360 3960 le

410 3980 481 4037 quet,
492 3989 528 4026 rv.
541 3982 582 4038 51,
593 3992 618 4026 a.
630 3974 664 4040 ⁸.)
899 3980 1104 4042 Chauve,whom
1115 3981 1154 4030 his
1163 3996 1208 4030 son
1216 3981 1295 4029 Louis
1307 3981 1361 4039 111,

445 4042 659 4110 'Oblationibusd
685 4050 714 4097 C.
727 4048 762 4098 D.
776 4049 808 4098 Ε.
824 4049 873 4109 L.;
898 4049 981 4098 called
1008 4051 1045 4099 Le
1074 4049 1174 4113 Begue,
1202 4050 1361 4110 succeeded3

396 4115 619 4177 ‘orationibus
632 4116 662 4166 S.
898 4118 1005 4168 Charles
1023 4120 1048 4168 le
1071 4120 1138 4170 Gros
1159 4134 1216 4168 was
1237 4118 1361 4169 therefore

444 4181 653 4301 3(ἐοηιεεμΰ.
661 4185 696 4236 D.
705 4187 793 4247 E.L.;
810 4187 873 4235 due-
897 4187 980 4237 fourth
1003 4191 1029 4238 in
1051 4190 1197 4239 succession
1224 4188 1288 4238 from
1313 4187 1362 4238 Lo·

408 4255 456 4313 tor,
490 4289 497 4302 .
896 4257 986 4306 thaire.
