<?xml version="1.0" encoding="UTF-8"?>
<!DOCTYPE html PUBLIC "-//W3C//DTD XHTML 1.0 Transitional//EN"
    "http://www.w3.org/TR/xhtml1/DTD/xhtml1-transitional.dtd">
<html xmlns="http://www.w3.org/1999/xhtml" xml:lang="en" lang="en">
 <head>
  <title>
</title>
<meta http-equiv="Content-Type" content="text/html;charset=utf-8" />
  <meta name='ocr-system' content='tesseract 3.04.00' />
  <meta name='ocr-capabilities' content='ocr_page ocr_carea ocr_par ocr_line ocrx_word'/>
</head>
<body>
  <div class='ocr_page' id='page_1' title='image "./willelmimalmesb00willgoog_0225.png"; bbox 0 0 3128 4976; ppageno 0'>
   <div class='ocr_carea' id='block_1_1' title="bbox 213 476 1164 555">
    <p class='ocr_par' dir='ltr' id='par_1_1' title="bbox 213 476 1164 555">
     <span class='ocr_line' id='line_1_1' title="bbox 213 476 1164 555; baseline 0.011 -19"><span class='ocrx_word' id='word_1_1' title='bbox 213 476 357 555; x_wconf 83' lang='lat' dir='ltr'><strong>nrn.11.]</strong></span> <span class='ocrx_word' id='word_1_2' title='bbox 432 490 546 539; x_wconf 73' lang='lat' dir='ltr'><strong>onera</strong></span> <span class='ocrx_word' id='word_1_3' title='bbox 572 491 700 539; x_wconf 80' lang='lat' dir='ltr'><strong>ancum</strong></span> <span class='ocrx_word' id='word_1_4' title='bbox 724 491 936 542; x_wconf 78' lang='lat' dir='ltr'><strong>nuenoauu.</strong></span> <span class='ocrx_word' id='word_1_5' title='bbox 1098 482 1164 546; x_wconf 77' lang='lat'><strong>209</strong></span> 
     </span>
    </p>
   </div>
   <div class='ocr_carea' id='block_1_2' title="bbox 209 647 1164 2214">
    <p class='ocr_par' dir='ltr' id='par_1_2' title="bbox 211 647 1164 1127">
     <span class='ocr_line' id='line_1_2' title="bbox 212 647 1164 730; baseline 0.003 -17"><span class='ocrx_word' id='word_1_6' title='bbox 212 649 410 713; x_wconf 82' lang='lat' dir='ltr'><strong>Scottorum</strong></span> <span class='ocrx_word' id='word_1_7' title='bbox 426 647 690 726; x_wconf 78' lang='lat' dir='ltr'><strong>Constantiana,</strong></span> <span class='ocrx_word' id='word_1_8' title='bbox 711 649 852 730; x_wconf 86' lang='lat' dir='ltr'><strong>perfidae</strong></span> <span class='ocrx_word' id='word_1_9' title='bbox 876 651 1107 714; x_wconf 83' lang='lat' dir='ltr'><strong>animositatis</strong></span> <span class='ocrx_word' id='word_1_10' title='bbox 1127 660 1164 716; x_wconf 86' lang='lat' dir='ltr'><strong>et</strong></span> 
     </span>
     <span class='ocr_line' id='line_1_3' title="bbox 211 747 1160 832; baseline 0.003 -22"><span class='ocrx_word' id='word_1_11' title='bbox 211 748 343 812; x_wconf 88' lang='lat' dir='ltr'><strong>vivacis</strong></span> <span class='ocrx_word' id='word_1_12' title='bbox 374 755 523 810; x_wconf 86' lang='lat' dir='ltr'><strong>senectae</strong></span> <span class='ocrx_word' id='word_1_13' title='bbox 546 747 668 826; x_wconf 90' lang='lat' dir='ltr'><strong>homo;</strong></span> <span class='ocrx_word' id='word_1_14' title='bbox 707 749 835 831; x_wconf 88' lang='lat' dir='ltr'><strong>aliique</strong></span> <span class='ocrx_word' id='word_1_15' title='bbox 865 768 966 830; x_wconf 85' lang='lat' dir='ltr'><strong>reges</strong></span> <span class='ocrx_word' id='word_1_16' title='bbox 997 750 1160 832; x_wconf 81' lang='lat' dir='ltr'><strong>quinque,</strong></span> 
     </span>
     <span class='ocr_line' id='line_1_4' title="bbox 212 841 1160 929; baseline 0.003 -19"><span class='ocrx_word' id='word_1_17' title='bbox 212 841 373 911; x_wconf 90' lang='lat' dir='ltr'><strong>¹comites</strong></span> <span class='ocrx_word' id='word_1_18' title='bbox 396 847 588 924; x_wconf 89' lang='lat' dir='ltr'><strong>duodecim,</strong></span> <span class='ocrx_word' id='word_1_19' title='bbox 607 848 787 929; x_wconf 90' lang='lat' dir='ltr'><strong>omnisque</strong></span> <span class='ocrx_word' id='word_1_20' title='bbox 811 841 916 929; x_wconf 86' lang='lat' dir='ltr'><strong>²pene</strong></span> <span class='ocrx_word' id='word_1_21' title='bbox 933 849 1160 913; x_wconf 85' lang='lat' dir='ltr'><strong>barbarorum</strong></span> 
     </span>
     <span class='ocr_line' id='line_1_5' title="bbox 211 945 1160 1028; baseline 0.003 -19"><span class='ocrx_word' id='word_1_22' title='bbox 211 947 409 1027; x_wconf 82' lang='lat' dir='ltr'><strong>congeries:</strong></span> <span class='ocrx_word' id='word_1_23' title='bbox 437 947 539 1028; x_wconf 92' lang='lat' dir='ltr'><strong>pauci</strong></span> <span class='ocrx_word' id='word_1_24' title='bbox 566 946 626 1027; x_wconf 91' lang='lat' dir='ltr'><strong>qui</strong></span> <span class='ocrx_word' id='word_1_25' title='bbox 650 953 845 1022; x_wconf 87' lang='lat' dir='ltr'><strong>evaserant,</strong></span> <span class='ocrx_word' id='word_1_26' title='bbox 869 965 931 1027; x_wconf 88' lang='lat' dir='ltr'><strong>pro</strong></span> <span class='ocrx_word' id='word_1_27' title='bbox 946 945 1013 1010; x_wconf 86' lang='lat' dir='ltr'><strong>fide</strong></span> <span class='ocrx_word' id='word_1_28' title='bbox 1030 946 1160 1012; x_wconf 85' lang='lat' dir='ltr'><strong>Christi</strong></span> 
     </span>
     <span class='ocr_line' id='line_1_6' title="bbox 211 1045 1157 1127; baseline -0.002 -19"><span class='ocrx_word' id='word_1_29' title='bbox 211 1045 432 1127; x_wconf 87' lang='lat' dir='ltr'><strong>suscipienda</strong></span> <span class='ocrx_word' id='word_1_30' title='bbox 447 1045 655 1110; x_wconf 85' lang='lat' dir='ltr'><strong>conservati.</strong></span> <span class='ocrx_word' id='word_1_31' title='bbox 1156 1061 1157 1066; x_wconf 51' lang='lat'>¹</span> 
     </span>
    </p>

    <p class='ocr_par' dir='ltr' id='par_1_3' title="bbox 209 1137 1160 2214">
     <span class='ocr_line' id='line_1_7' title="bbox 262 1137 1159 1228; baseline 0.002 -21"><span class='ocrx_word' id='word_1_32' title='bbox 262 1144 279 1227; x_wconf 86' lang='lat'>§</span> <span class='ocrx_word' id='word_1_33' title='bbox 295 1143 372 1208; x_wconf 82' lang='lat'><strong>132.</strong></span> <span class='ocrx_word' id='word_1_34' title='bbox 395 1137 464 1207; x_wconf 86' lang='lat' dir='ltr'><strong>³De</strong></span> <span class='ocrx_word' id='word_1_35' title='bbox 482 1143 547 1208; x_wconf 90' lang='lat' dir='ltr'><strong>hoc</strong></span> <span class='ocrx_word' id='word_1_36' title='bbox 560 1163 642 1225; x_wconf 83' lang='lat' dir='ltr'><strong>rege</strong></span> <span class='ocrx_word' id='word_1_37' title='bbox 657 1163 728 1208; x_wconf 93' lang='lat' dir='ltr'><strong>non</strong></span> <span class='ocrx_word' id='word_1_38' title='bbox 743 1144 898 1208; x_wconf 89' lang='lat' dir='ltr'><strong>invalida</strong></span> <span class='ocrx_word' id='word_1_39' title='bbox 914 1146 1006 1227; x_wconf 92' lang='lat' dir='ltr'><strong>apud</strong></span> <span class='ocrx_word' id='word_1_40' title='bbox 1023 1144 1159 1228; x_wconf 85' lang='lat' dir='ltr'><strong>Anglos</strong></span> 
     </span>
     <span class='ocr_line' id='line_1_8' title="bbox 211 1235 1158 1325; baseline 0.003 -20"><span class='ocrx_word' id='word_1_41' title='bbox 211 1242 304 1306; x_wconf 88' lang='lat' dir='ltr'><strong>fama</strong></span> <span class='ocrx_word' id='word_1_42' title='bbox 320 1243 458 1320; x_wconf 87' lang='lat' dir='ltr'><strong>seritur,</strong></span> <span class='ocrx_word' id='word_1_43' title='bbox 483 1243 575 1325; x_wconf 91' lang='lat' dir='ltr'><strong>quod</strong></span> <span class='ocrx_word' id='word_1_44' title='bbox 603 1263 703 1306; x_wconf 92' lang='lat' dir='ltr'><strong>nemo</strong></span> <span class='ocrx_word' id='word_1_45' title='bbox 719 1235 885 1324; x_wconf 77' lang='lat' dir='ltr'><strong>⁴legalius</strong></span> <span class='ocrx_word' id='word_1_46' title='bbox 904 1245 960 1308; x_wconf 88' lang='lat' dir='ltr'><strong>vel</strong></span> <span class='ocrx_word' id='word_1_47' title='bbox 986 1242 1158 1309; x_wconf 80' lang='lat' dir='ltr'><strong>literatius</strong></span> 
     </span>
     <span class='ocr_line' id='line_1_9' title="bbox 210 1342 1159 1424; baseline 0.003 -20"><span class='ocrx_word' id='word_1_48' title='bbox 210 1342 457 1423; x_wconf 83' lang='lat' dir='ltr'><strong>rempublicam</strong></span> <span class='ocrx_word' id='word_1_49' title='bbox 473 1342 776 1406; x_wconf 83' lang='lat' dir='ltr'><strong>administraverit.</strong></span> <span class='ocrx_word' id='word_1_50' title='bbox 817 1342 1025 1424; x_wconf 87' lang='lat' dir='ltr'><strong>Quanquam</strong></span> <span class='ocrx_word' id='word_1_51' title='bbox 1040 1344 1159 1407; x_wconf 86' lang='lat' dir='ltr'><strong>literas</strong></span> 
     </span>
     <span class='ocr_line' id='line_1_10' title="bbox 209 1435 1157 1523; baseline 0.003 -21"><span class='ocrx_word' id='word_1_52' title='bbox 209 1440 436 1518; x_wconf 87' lang='lat' dir='ltr'><strong>illumscisse,</strong></span> <span class='ocrx_word' id='word_1_53' title='bbox 446 1442 551 1523; x_wconf 91' lang='lat' dir='ltr'><strong>pauci</strong></span> <span class='ocrx_word' id='word_1_54' title='bbox 566 1440 751 1504; x_wconf 90' lang='lat' dir='ltr'><strong>admodum</strong></span> <span class='ocrx_word' id='word_1_55' title='bbox 763 1435 854 1504; x_wconf 82' lang='lat' dir='ltr'><strong>⁵dies</strong></span> <span class='ocrx_word' id='word_1_56' title='bbox 872 1441 964 1523; x_wconf 91' lang='lat' dir='ltr'><strong>quod</strong></span> <span class='ocrx_word' id='word_1_57' title='bbox 982 1443 1157 1505; x_wconf 86' lang='lat' dir='ltr'><strong>didicerim</strong></span> 
     </span>
     <span class='ocr_line' id='line_1_11' title="bbox 209 1540 1160 1623; baseline 0.002 -21"><span class='ocrx_word' id='word_1_58' title='bbox 209 1540 245 1601; x_wconf 92' lang='lat' dir='ltr'><strong>in</strong></span> <span class='ocrx_word' id='word_1_59' title='bbox 263 1540 412 1623; x_wconf 89' lang='lat' dir='ltr'><strong>quodam</strong></span> <span class='ocrx_word' id='word_1_60' title='bbox 429 1559 512 1603; x_wconf 88' lang='lat' dir='ltr'><strong>sane</strong></span> <span class='ocrx_word' id='word_1_61' title='bbox 528 1540 703 1604; x_wconf 83' lang='lat' dir='ltr'><strong>volumine</strong></span> <span class='ocrx_word' id='word_1_62' title='bbox 714 1547 865 1616; x_wconf 83' lang='lat' dir='ltr'><strong>vetusto,</strong></span> <span class='ocrx_word' id='word_1_63' title='bbox 877 1541 913 1602; x_wconf 93' lang='lat' dir='ltr'><strong>in</strong></span> <span class='ocrx_word' id='word_1_64' title='bbox 928 1561 998 1623; x_wconf 89' lang='lat' dir='ltr'><strong>quo</strong></span> <span class='ocrx_word' id='word_1_65' title='bbox 1012 1543 1160 1623; x_wconf 87' lang='lat' dir='ltr'><strong>scriptor</strong></span> 
     </span>
     <span class='ocr_line' id='line_1_12' title="bbox 209 1628 1158 1722; baseline 0.004 -22"><span class='ocrx_word' id='word_1_66' title='bbox 209 1657 287 1701; x_wconf 91' lang='lat' dir='ltr'><strong>cum</strong></span> <span class='ocrx_word' id='word_1_67' title='bbox 318 1628 520 1702; x_wconf 78' lang='lat' dir='ltr'><strong>difficultate</strong></span> <span class='ocrx_word' id='word_1_68' title='bbox 557 1640 712 1702; x_wconf 87' lang='lat' dir='ltr'><strong>materiae</strong></span> <span class='ocrx_word' id='word_1_69' title='bbox 749 1638 959 1715; x_wconf 89' lang='lat' dir='ltr'><strong>luctabatur,</strong></span> <span class='ocrx_word' id='word_1_70' title='bbox 987 1640 1158 1722; x_wconf 91' lang='lat' dir='ltr'><strong>judicium</strong></span> 
     </span>
     <span class='ocr_line' id='line_1_13' title="bbox 210 1737 1157 1821; baseline 0 -21"><span class='ocrx_word' id='word_1_71' title='bbox 210 1739 315 1800; x_wconf 88' lang='lat' dir='ltr'><strong>animi</strong></span> <span class='ocrx_word' id='word_1_72' title='bbox 331 1737 386 1800; x_wconf 90' lang='lat' dir='ltr'><strong>sui</strong></span> <span class='ocrx_word' id='word_1_73' title='bbox 402 1758 470 1802; x_wconf 93' lang='lat' dir='ltr'><strong>non</strong></span> <span class='ocrx_word' id='word_1_74' title='bbox 493 1738 613 1802; x_wconf 89' lang='lat' dir='ltr'><strong>valens</strong></span> <span class='ocrx_word' id='word_1_75' title='bbox 637 1757 699 1819; x_wconf 91' lang='lat' dir='ltr'><strong>pro</strong></span> <span class='ocrx_word' id='word_1_76' title='bbox 722 1744 805 1801; x_wconf 87' lang='lat' dir='ltr'><strong>voto</strong></span> <span class='ocrx_word' id='word_1_77' title='bbox 828 1737 992 1819; x_wconf 89' lang='lat' dir='ltr'><strong>proferre.</strong></span> <span class='ocrx_word' id='word_1_78' title='bbox 1047 1738 1157 1821; x_wconf 84' lang='lat' dir='ltr'><strong>Cujus</strong></span> 
     </span>
     <span class='ocr_line' id='line_1_14' title="bbox 209 1835 1160 1919; baseline 0.001 -20"><span class='ocrx_word' id='word_1_79' title='bbox 209 1836 264 1899; x_wconf 90' lang='lat' dir='ltr'><strong>hic</strong></span> <span class='ocrx_word' id='word_1_80' title='bbox 292 1837 398 1900; x_wconf 85' lang='lat' dir='ltr'><strong>verba</strong></span> <span class='ocrx_word' id='word_1_81' title='bbox 423 1856 486 1919; x_wconf 91' lang='lat' dir='ltr'><strong>pro</strong></span> <span class='ocrx_word' id='word_1_82' title='bbox 513 1836 716 1919; x_wconf 90' lang='lat' dir='ltr'><strong>compendio</strong></span> <span class='ocrx_word' id='word_1_83' title='bbox 741 1835 959 1918; x_wconf 88' lang='lat' dir='ltr'><strong>subjicerem,</strong></span> <span class='ocrx_word' id='word_1_84' title='bbox 985 1837 1051 1899; x_wconf 90' lang='lat' dir='ltr'><strong>nisi</strong></span> <span class='ocrx_word' id='word_1_85' title='bbox 1077 1839 1160 1918; x_wconf 88' lang='lat' dir='ltr'><strong>quia</strong></span> 
     </span>
     <span class='ocr_line' id='line_1_15' title="bbox 209 1935 1158 2017; baseline 0.001 -21"><span class='ocrx_word' id='word_1_86' title='bbox 209 1935 302 1999; x_wconf 90' lang='lat' dir='ltr'><strong>ultra</strong></span> <span class='ocrx_word' id='word_1_87' title='bbox 328 1935 523 2017; x_wconf 89' lang='lat' dir='ltr'><strong>opinionem</strong></span> <span class='ocrx_word' id='word_1_88' title='bbox 557 1937 592 1999; x_wconf 90' lang='lat' dir='ltr'><strong>in</strong></span> <span class='ocrx_word' id='word_1_89' title='bbox 619 1935 779 1998; x_wconf 88' lang='lat' dir='ltr'><strong>laudibus</strong></span> <span class='ocrx_word' id='word_1_90' title='bbox 807 1936 972 2017; x_wconf 90' lang='lat' dir='ltr'><strong>principis</strong></span> <span class='ocrx_word' id='word_1_91' title='bbox 996 1944 1158 2017; x_wconf 81' lang='lat' dir='ltr'><strong>vagatur,</strong></span> 
     </span>
     <span class='ocr_line' id='line_1_16' title="bbox 209 2033 1157 2116; baseline 0.001 -20"><span class='ocrx_word' id='word_1_92' title='bbox 209 2053 250 2097; x_wconf 87' lang='lat' dir='ltr'><strong>eo</strong></span> <span class='ocrx_word' id='word_1_93' title='bbox 270 2035 407 2098; x_wconf 90' lang='lat' dir='ltr'><strong>dicendi</strong></span> <span class='ocrx_word' id='word_1_94' title='bbox 435 2054 561 2116; x_wconf 86' lang='lat' dir='ltr'><strong>genere</strong></span> <span class='ocrx_word' id='word_1_95' title='bbox 583 2034 676 2116; x_wconf 93' lang='lat' dir='ltr'><strong>quod</strong></span> <span class='ocrx_word' id='word_1_96' title='bbox 699 2033 878 2097; x_wconf 87' lang='lat' dir='ltr'><strong>suffultum</strong></span> <span class='ocrx_word' id='word_1_97' title='bbox 900 2053 963 2097; x_wconf 87' lang='lat' dir='ltr'><strong>rex</strong></span> <span class='ocrx_word' id='word_1_98' title='bbox 986 2034 1157 2098; x_wconf 85' lang='lat' dir='ltr'><strong>facundiae</strong></span> 
     </span>
     <span class='ocr_line' id='line_1_17' title="bbox 210 2132 1157 2214; baseline -0.001 -18"><span class='ocrx_word' id='word_1_99' title='bbox 210 2132 380 2196; x_wconf 86' lang='lat' dir='ltr'><strong>Romanae</strong></span> <span class='ocrx_word' id='word_1_100' title='bbox 408 2133 546 2196; x_wconf 84' lang='lat' dir='ltr'><strong>Tullius</strong></span> <span class='ocrx_word' id='word_1_101' title='bbox 573 2133 608 2195; x_wconf 92' lang='lat' dir='ltr'><strong>in</strong></span> <span class='ocrx_word' id='word_1_102' title='bbox 636 2133 817 2195; x_wconf 87' lang='lat' dir='ltr'><strong>rhetoricis</strong></span> <span class='ocrx_word' id='word_1_103' title='bbox 842 2132 1008 2214; x_wconf 91' lang='lat' dir='ltr'><strong>appellat.</strong></span> <span class='ocrx_word' id='word_1_104' title='bbox 1074 2133 1157 2196; x_wconf 58' lang='lat' dir='ltr'><strong>Eloss</strong></span> 
     </span>
    </p>
   </div>
   <div class='ocr_carea' id='block_1_3' title="bbox 208 2229 1159 2510">
    <p class='ocr_par' dir='ltr' id='par_1_4' title="bbox 208 2229 1159 2510">
     <span class='ocr_line' id='line_1_18' title="bbox 209 2229 1158 2312; baseline 0 -18"><span class='ocrx_word' id='word_1_105' title='bbox 209 2233 328 2312; x_wconf 92' lang='lat' dir='ltr'><strong>quium</strong></span> <span class='ocrx_word' id='word_1_106' title='bbox 353 2238 499 2294; x_wconf 88' lang='lat' dir='ltr'><strong>excusat</strong></span> <span class='ocrx_word' id='word_1_107' title='bbox 524 2231 736 2294; x_wconf 87' lang='lat' dir='ltr'><strong>consuetudo</strong></span> <span class='ocrx_word' id='word_1_108' title='bbox 760 2229 854 2292; x_wconf 91' lang='lat' dir='ltr'><strong>illius</strong></span> <span class='ocrx_word' id='word_1_109' title='bbox 877 2231 1055 2311; x_wconf 75' lang='lat' dir='ltr'><strong>temporie,</strong></span> <span class='ocrx_word' id='word_1_110' title='bbox 1082 2230 1158 2294; x_wconf 91' lang='lat' dir='ltr'><strong>lau-</strong></span> 
     </span>
     <span class='ocr_line' id='line_1_19' title="bbox 208 2321 1158 2392; baseline 0.001 -1"><span class='ocrx_word' id='word_1_111' title='bbox 208 2329 290 2392; x_wconf 90' lang='lat' dir='ltr'><strong>dum</strong></span> <span class='ocrx_word' id='word_1_112' title='bbox 318 2330 531 2392; x_wconf 87' lang='lat' dir='ltr'><strong>nimietatem</strong></span> <span class='ocrx_word' id='word_1_113' title='bbox 561 2328 709 2392; x_wconf 87' lang='lat' dir='ltr'><strong>adornat</strong></span> <span class='ocrx_word' id='word_1_114' title='bbox 737 2321 854 2390; x_wconf 82' lang='lat' dir='ltr'><strong>⁶favor</strong></span> <span class='ocrx_word' id='word_1_115' title='bbox 874 2328 1071 2391; x_wconf 89' lang='lat' dir='ltr'><strong>Ethelstani</strong></span> <span class='ocrx_word' id='word_1_116' title='bbox 1097 2330 1158 2392; x_wconf 92' lang='lat' dir='ltr'><strong>ad-</strong></span> 
     </span>
     <span class='ocr_line' id='line_1_20' title="bbox 209 2418 1159 2510; baseline 0.003 -22"><span class='ocrx_word' id='word_1_117' title='bbox 209 2426 276 2490; x_wconf 94' lang='lat' dir='ltr'><strong>huc</strong></span> <span class='ocrx_word' id='word_1_118' title='bbox 293 2428 454 2492; x_wconf 87' lang='lat' dir='ltr'><strong>viventis.</strong></span> <span class='ocrx_word' id='word_1_119' title='bbox 507 2418 645 2490; x_wconf 88' lang='lat' dir='ltr'><strong>⁷Pauca</strong></span> <span class='ocrx_word' id='word_1_120' title='bbox 660 2427 769 2506; x_wconf 82' lang='lat' dir='ltr'><strong>igitur</strong></span> <span class='ocrx_word' id='word_1_121' title='bbox 784 2426 946 2489; x_wconf 88' lang='lat' dir='ltr'><strong>familiari</strong></span> <span class='ocrx_word' id='word_1_122' title='bbox 971 2428 1063 2510; x_wconf 88' lang='lat' dir='ltr'><strong>stylo</strong></span> <span class='ocrx_word' id='word_1_123' title='bbox 1078 2430 1159 2491; x_wconf 89' lang='lat' dir='ltr'><strong>suh·</strong></span> 
     </span>
    </p>
   </div>
   <div class='ocr_carea' id='block_1_4' title="bbox 207 2524 1160 2808">
    <p class='ocr_par' dir='ltr' id='par_1_5' title="bbox 207 2524 1160 2808">
     <span class='ocr_line' id='line_1_21' title="bbox 208 2524 1160 2608; baseline 0.001 -20"><span class='ocrx_word' id='word_1_124' title='bbox 208 2534 357 2603; x_wconf 90' lang='lat' dir='ltr'><strong>nectam,</strong></span> <span class='ocrx_word' id='word_1_125' title='bbox 380 2545 459 2608; x_wconf 86' lang='lat' dir='ltr'><strong>quae</strong></span> <span class='ocrx_word' id='word_1_126' title='bbox 474 2525 659 2588; x_wconf 87' lang='lat' dir='ltr'><strong>videantur</strong></span> <span class='ocrx_word' id='word_1_127' title='bbox 682 2524 823 2605; x_wconf 87' lang='lat' dir='ltr'><strong>aliquod</strong></span> <span class='ocrx_word' id='word_1_128' title='bbox 845 2525 1000 2588; x_wconf 90' lang='lat' dir='ltr'><strong>conferre</strong></span> <span class='ocrx_word' id='word_1_129' title='bbox 1026 2526 1160 2589; x_wconf 88' lang='lat' dir='ltr'><strong>emolu·</strong></span> 
     </span>
     <span class='ocr_line' id='line_1_22' title="bbox 207 2622 981 2706; baseline -0.001 -19"><span class='ocrx_word' id='word_1_130' title='bbox 207 2633 362 2689; x_wconf 91' lang='lat' dir='ltr'><strong>mentum</strong></span> <span class='ocrx_word' id='word_1_131' title='bbox 378 2625 422 2688; x_wconf 86' lang='lat' dir='ltr'><strong>ad</strong></span> <span class='ocrx_word' id='word_1_132' title='bbox 440 2624 621 2706; x_wconf 87' lang='lat' dir='ltr'><strong>dignitatis</strong></span> <span class='ocrx_word' id='word_1_133' title='bbox 637 2622 713 2705; x_wconf 88' lang='lat' dir='ltr'><strong>ejus</strong></span> <span class='ocrx_word' id='word_1_134' title='bbox 727 2623 981 2686; x_wconf 90' lang='lat' dir='ltr'><strong>documentum.</strong></span> 
     </span>
     <span class='ocr_line' id='line_1_23' title="bbox 261 2715 1159 2808; baseline -0.006 -20"><span class='ocrx_word' id='word_1_135' title='bbox 261 2725 278 2808; x_wconf 86' lang='lat'>§</span> <span class='ocrx_word' id='word_1_136' title='bbox 294 2724 370 2788; x_wconf 81' lang='lat'><strong>133.</strong></span> <span class='ocrx_word' id='word_1_137' title='bbox 395 2724 475 2787; x_wconf 82' lang='lat' dir='ltr'><strong>Rex</strong></span> <span class='ocrx_word' id='word_1_138' title='bbox 493 2721 698 2798; x_wconf 89' lang='lat' dir='ltr'><strong>Edwardus,</strong></span> <span class='ocrx_word' id='word_1_139' title='bbox 716 2728 795 2803; x_wconf 92' lang='lat' dir='ltr'><strong>post</strong></span> <span class='ocrx_word' id='word_1_140' title='bbox 810 2720 921 2784; x_wconf 87' lang='lat' dir='ltr'><strong>multa</strong></span> <span class='ocrx_word' id='word_1_141' title='bbox 944 2715 997 2784; x_wconf 84' lang='lat' dir='ltr'><strong>⁸et</strong></span> <span class='ocrx_word' id='word_1_142' title='bbox 1015 2721 1051 2783; x_wconf 90' lang='lat' dir='ltr'><strong>in</strong></span> <span class='ocrx_word' id='word_1_143' title='bbox 1067 2720 1159 2784; x_wconf 90' lang='lat' dir='ltr'><strong>bello</strong></span> 
     </span>
    </p>
   </div>
   <div class='ocr_carea' id='block_1_5' title="bbox 208 2993 1160 3631">
    <p class='ocr_par' dir='ltr' id='par_1_6' title="bbox 208 2993 1159 3266">
     <span class='ocr_line' id='line_1_24' title="bbox 209 2993 1159 3063; baseline -0.005 -14"><span class='ocrx_word' id='word_1_144' title='bbox 209 3003 296 3063; x_wconf 90' lang='lat' dir='ltr'><strong>nuine,</strong></span> <span class='ocrx_word' id='word_1_145' title='bbox 306 3001 383 3061; x_wconf 78' lang='lat' dir='ltr'><strong>being</strong></span> <span class='ocrx_word' id='word_1_146' title='bbox 395 3014 411 3048; x_wconf 91' lang='lat' dir='ltr'><strong>a</strong></span> <span class='ocrx_word' id='word_1_147' title='bbox 422 2997 584 3058; x_wconf 86' lang='lat' dir='ltr'><strong>compilation</strong></span> <span class='ocrx_word' id='word_1_148' title='bbox 596 2997 625 3046; x_wconf 85' lang='lat' dir='ltr'><strong>of</strong></span> <span class='ocrx_word' id='word_1_149' title='bbox 637 3011 670 3045; x_wconf 91' lang='lat' dir='ltr'><strong>no</strong></span> <span class='ocrx_word' id='word_1_150' title='bbox 726 2993 734 3025; x_wconf 88' lang='lat'>¹</span> <span class='ocrx_word' id='word_1_151' title='bbox 750 2995 857 3044; x_wconf 75' lang='lat' dir='ltr'><strong>Comites</strong></span> <span class='ocrx_word' id='word_1_152' title='bbox 874 2995 1021 3058; x_wconf 67' lang='lat' dir='ltr'><strong>duodecim]</strong></span> <span class='ocrx_word' id='word_1_153' title='bbox 1041 2995 1095 3044; x_wconf 79' lang='lat' dir='ltr'><strong>&#39;l&#39;he</strong></span> <span class='ocrx_word' id='word_1_154' title='bbox 1114 3009 1159 3044; x_wconf 84' lang='lat' dir='ltr'><strong>an·</strong></span> 
     </span>
     <span class='ocr_line' id='line_1_25' title="bbox 209 3065 1088 3127; baseline -0.008 -7"><span class='ocrx_word' id='word_1_155' title='bbox 209 3072 300 3120; x_wconf 87' lang='lat' dir='ltr'><strong>earlier</strong></span> <span class='ocrx_word' id='word_1_156' title='bbox 322 3071 381 3118; x_wconf 84' lang='lat' dir='ltr'><strong>date</strong></span> <span class='ocrx_word' id='word_1_157' title='bbox 404 3068 466 3116; x_wconf 91' lang='lat' dir='ltr'><strong>than</strong></span> <span class='ocrx_word' id='word_1_158' title='bbox 488 3067 601 3114; x_wconf 83' lang='lat' dir='ltr'><strong>Edward</strong></span> <span class='ocrx_word' id='word_1_159' title='bbox 630 3066 670 3127; x_wconf 92' lang='lat' dir='ltr'><strong>II,</strong></span> <span class='ocrx_word' id='word_1_160' title='bbox 695 3065 751 3114; x_wconf 85' lang='lat' dir='ltr'><strong>nals</strong></span> <span class='ocrx_word' id='word_1_161' title='bbox 762 3066 872 3115; x_wconf 86' lang='lat' dir='ltr'><strong>mention</strong></span> <span class='ocrx_word' id='word_1_162' title='bbox 883 3065 943 3125; x_wconf 87' lang='lat' dir='ltr'><strong>only</strong></span> <span class='ocrx_word' id='word_1_163' title='bbox 953 3066 1001 3112; x_wconf 86' lang='lat' dir='ltr'><strong>five</strong></span> <span class='ocrx_word' id='word_1_164' title='bbox 1012 3065 1088 3114; x_wconf 86' lang='lat' dir='ltr'><strong>earls.</strong></span> 
     </span>
     <span class='ocr_line' id='line_1_26' title="bbox 208 3129 1158 3199; baseline -0.007 -10"><span class='ocrx_word' id='word_1_165' title='bbox 208 3141 278 3189; x_wconf 88' lang='lat' dir='ltr'><strong>there</strong></span> <span class='ocrx_word' id='word_1_166' title='bbox 296 3141 319 3188; x_wconf 88' lang='lat' dir='ltr'><strong>is</strong></span> <span class='ocrx_word' id='word_1_167' title='bbox 336 3154 352 3187; x_wconf 88' lang='lat' dir='ltr'><strong>a</strong></span> <span class='ocrx_word' id='word_1_168' title='bbox 364 3138 516 3199; x_wconf 78' lang='lat' dir='ltr'><strong>singrdarity</strong></span> <span class='ocrx_word' id='word_1_169' title='bbox 527 3137 553 3183; x_wconf 90' lang='lat' dir='ltr'><strong>in</strong></span> <span class='ocrx_word' id='word_1_170' title='bbox 565 3149 633 3184; x_wconf 81' lang='lat' dir='ltr'><strong>some</strong></span> <span class='ocrx_word' id='word_1_171' title='bbox 644 3135 673 3185; x_wconf 86' lang='lat' dir='ltr'><strong>of</strong></span> <span class='ocrx_word' id='word_1_172' title='bbox 731 3132 741 3162; x_wconf 82' lang='lat'><strong>¹</strong></span> <span class='ocrx_word' id='word_1_173' title='bbox 752 3135 841 3198; x_wconf 75' lang='lat' dir='ltr'><strong>Pena]</strong></span> <span class='ocrx_word' id='word_1_174' title='bbox 860 3135 890 3184; x_wconf 78' lang='lat' dir='ltr'><strong>S.</strong></span> <span class='ocrx_word' id='word_1_175' title='bbox 900 3135 930 3184; x_wconf 83' lang='lat' dir='ltr'><strong>C.</strong></span> <span class='ocrx_word' id='word_1_176' title='bbox 938 3134 975 3184; x_wconf 89' lang='lat' dir='ltr'><strong>D.</strong></span> <span class='ocrx_word' id='word_1_177' title='bbox 991 3135 1036 3193; x_wconf 83' lang='lat' dir='ltr'><strong>E.;</strong></span> <span class='ocrx_word' id='word_1_178' title='bbox 1053 3129 1158 3183; x_wconf 87' lang='lat' dir='ltr'><strong>omitted</strong></span> 
     </span>
     <span class='ocr_line' id='line_1_27' title="bbox 208 3204 814 3266; baseline -0.008 -8"><span class='ocrx_word' id='word_1_179' title='bbox 208 3209 250 3258; x_wconf 86' lang='lat' dir='ltr'><strong>the</strong></span> <span class='ocrx_word' id='word_1_180' title='bbox 269 3213 415 3258; x_wconf 85' lang='lat' dir='ltr'><strong>statements</strong></span> <span class='ocrx_word' id='word_1_181' title='bbox 432 3207 481 3255; x_wconf 86' lang='lat' dir='ltr'><strong>and</strong></span> <span class='ocrx_word' id='word_1_182' title='bbox 499 3205 671 3266; x_wconf 82' lang='lat' dir='ltr'><strong>expressions,</strong></span> <span class='ocrx_word' id='word_1_183' title='bbox 695 3206 721 3254; x_wconf 89' lang='lat' dir='ltr'><strong>in</strong></span> <span class='ocrx_word' id='word_1_184' title='bbox 737 3204 770 3253; x_wconf 78' lang='lat' dir='ltr'><strong>A.</strong></span> <span class='ocrx_word' id='word_1_185' title='bbox 783 3205 814 3254; x_wconf 90' lang='lat' dir='ltr'><strong>L.</strong></span> 
     </span>
    </p>

    <p class='ocr_par' dir='ltr' id='par_1_7' title="bbox 209 3271 1159 3477">
     <span class='ocr_line' id='line_1_28' title="bbox 209 3271 1159 3337; baseline -0.006 -9"><span class='ocrx_word' id='word_1_186' title='bbox 209 3279 307 3327; x_wconf 87' lang='lat' dir='ltr'><strong>carried</strong></span> <span class='ocrx_word' id='word_1_187' title='bbox 326 3292 389 3326; x_wconf 88' lang='lat' dir='ltr'><strong>even</strong></span> <span class='ocrx_word' id='word_1_188' title='bbox 408 3280 434 3324; x_wconf 84' lang='lat' dir='ltr'><strong>to</strong></span> <span class='ocrx_word' id='word_1_189' title='bbox 451 3275 494 3323; x_wconf 87' lang='lat' dir='ltr'><strong>the</strong></span> <span class='ocrx_word' id='word_1_190' title='bbox 514 3274 633 3335; x_wconf 89' lang='lat' dir='ltr'><strong>adoption</strong></span> <span class='ocrx_word' id='word_1_191' title='bbox 645 3274 674 3322; x_wconf 87' lang='lat' dir='ltr'><strong>of</strong></span> <span class='ocrx_word' id='word_1_192' title='bbox 731 3271 792 3322; x_wconf 78' lang='lat' dir='ltr'><strong>&#39;De</strong></span> <span class='ocrx_word' id='word_1_193' title='bbox 803 3275 846 3322; x_wconf 79' lang='lat' dir='ltr'><strong>bec</strong></span> <span class='ocrx_word' id='word_1_194' title='bbox 857 3274 936 3337; x_wconf 75' lang='lat' dir='ltr'><strong>rega]</strong></span> <span class='ocrx_word' id='word_1_195' title='bbox 948 3272 1159 3322; x_wconf 85' lang='lat' dir='ltr'><strong>i.e.Ethelstano.</strong></span> 
     </span>
     <span class='ocr_line' id='line_1_29' title="bbox 209 3343 1159 3426; baseline -0.016 -29"><span class='ocrx_word' id='word_1_196' title='bbox 209 3348 327 3397; x_wconf 84' lang='lat' dir='ltr'><strong>manifest</strong></span> <span class='ocrx_word' id='word_1_197' title='bbox 345 3359 437 3404; x_wconf 79' lang='lat' dir='ltr'><strong>errem,</strong></span> <span class='ocrx_word' id='word_1_198' title='bbox 458 3343 543 3392; x_wconf 87' lang='lat' dir='ltr'><strong>which</strong></span> <span class='ocrx_word' id='word_1_199' title='bbox 565 3344 588 3390; x_wconf 84' lang='lat' dir='ltr'><strong>is</strong></span> <span class='ocrx_word' id='word_1_200' title='bbox 609 3357 671 3404; x_wconf 86' lang='lat' dir='ltr'><strong>very</strong></span> <span class='ocrx_word' id='word_1_201' title='bbox 731 3353 895 3426; x_wconf 49' lang='lat' dir='ltr'><strong>emmim]</strong></span> <span class='ocrx_word' id='word_1_202' title='bbox 925 3357 959 3408; x_wconf 47' lang='lat' dir='ltr'><strong>A·</strong></span> <span class='ocrx_word' id='word_1_203' title='bbox 977 3357 1006 3407; x_wconf 47' lang='lat' dir='ltr'><strong>S·</strong></span> <span class='ocrx_word' id='word_1_204' title='bbox 1018 3357 1054 3406; x_wconf 40' lang='lat' dir='ltr'><strong>D·</strong></span> <span class='ocrx_word' id='word_1_205' title='bbox 1066 3357 1099 3405; x_wconf 47' lang='lat' dir='ltr'><strong>E·</strong></span> <span class='ocrx_word' id='word_1_206' title='bbox 1112 3357 1159 3416; x_wconf 33' lang='lat' dir='ltr'><strong>L&amp;</strong></span> 
     </span>
     <span class='ocr_line' id='line_1_30' title="bbox 209 3412 861 3477; baseline -0.014 -11"><span class='ocrx_word' id='word_1_207' title='bbox 209 3415 376 3466; x_wconf 84' lang='lat' dir='ltr'><strong>remarkable.</strong></span> <span class='ocrx_word' id='word_1_208' title='bbox 424 3414 456 3461; x_wconf 90' lang='lat' dir='ltr'><strong>In</strong></span> <span class='ocrx_word' id='word_1_209' title='bbox 473 3413 515 3460; x_wconf 87' lang='lat' dir='ltr'><strong>the</strong></span> <span class='ocrx_word' id='word_1_210' title='bbox 538 3426 611 3472; x_wconf 87' lang='lat' dir='ltr'><strong>poem</strong></span> <span class='ocrx_word' id='word_1_211' title='bbox 634 3412 673 3459; x_wconf 90' lang='lat' dir='ltr'><strong>in-</strong></span> <span class='ocrx_word' id='word_1_212' title='bbox 696 3428 808 3477; x_wconf 61' lang='lat' dir='ltr'>vffldius</span> <span class='ocrx_word' id='word_1_213' title='bbox 831 3428 861 3476; x_wconf 52' lang='grc' dir='ltr'><strong>ρ,</strong></span> 
     </span>
    </p>

    <p class='ocr_par' dir='ltr' id='par_1_8' title="bbox 209 3462 1160 3631">
     <span class='ocr_line' id='line_1_31' title="bbox 209 3462 1152 3574; baseline -0.014 -38"><span class='ocrx_word' id='word_1_214' title='bbox 209 3486 292 3536; x_wconf 86' lang='lat' dir='ltr'><strong>serted</strong></span> <span class='ocrx_word' id='word_1_215' title='bbox 309 3485 336 3531; x_wconf 91' lang='lat' dir='ltr'><strong>in</strong></span> <span class='ocrx_word' id='word_1_216' title='bbox 347 3483 389 3531; x_wconf 87' lang='lat' dir='ltr'><strong>the</strong></span> <span class='ocrx_word' id='word_1_217' title='bbox 401 3481 581 3542; x_wconf 79' lang='lat' dir='ltr'><strong>Angla-Saxon</strong></span> <span class='ocrx_word' id='word_1_218' title='bbox 593 3480 672 3528; x_wconf 88' lang='lat' dir='ltr'><strong>Chro-</strong></span> <span class='ocrx_word' id='word_1_219' title='bbox 734 3510 745 3540; x_wconf 49' lang='grc' dir='ltr'><strong>ὅ</strong></span> <span class='ocrx_word' id='word_1_220' title='bbox 753 3462 838 3574; x_wconf 56' lang='grc' dir='ltr'><strong>Μ’]</strong></span> <span class='ocrx_word' id='word_1_221' title='bbox 856 3512 880 3558; x_wconf 79' lang='grc' dir='ltr'><em>Ε</em></span> <span class='ocrx_word' id='word_1_222' title='bbox 901 3527 907 3539; x_wconf 64' lang='grc'><strong>,</strong></span> <span class='ocrx_word' id='word_1_223' title='bbox 926 3511 982 3558; x_wconf 53' lang='grc' dir='ltr'><strong>ἀίω</strong></span> <span class='ocrx_word' id='word_1_224' title='bbox 997 3514 1057 3558; x_wconf 63' lang='lat' dir='ltr'><strong>mt</strong></span> <span class='ocrx_word' id='word_1_225' title='bbox 1083 3508 1106 3557; x_wconf 61' lang='grc' dir='ltr'><strong><em>Δ</em></strong></span> <span class='ocrx_word' id='word_1_226' title='bbox 1130 3509 1152 3558; x_wconf 67' lang='lat' dir='ltr'><em>S</em></span> 
     </span>
     <span class='ocr_line' id='line_1_32' title="bbox 210 3543 1160 3631; baseline -0.013 -27"><span class='ocrx_word' id='word_1_227' title='bbox 210 3548 676 3614; x_wconf 84' lang='lat' dir='ltr'><strong>nicle,composedasamemorialof</strong></span> <span class='ocrx_word' id='word_1_228' title='bbox 699 3583 729 3631; x_wconf 44' lang='lat' dir='ltr'><strong>c·</strong></span> <span class='ocrx_word' id='word_1_229' title='bbox 742 3581 777 3630; x_wconf 45' lang='lat' dir='ltr'><strong>D·</strong></span> <span class='ocrx_word' id='word_1_230' title='bbox 790 3546 824 3629; x_wconf 55' lang='lat' dir='ltr'><strong>L:</strong></span> <span class='ocrx_word' id='word_1_231' title='bbox 882 3546 908 3572; x_wconf 84' lang='lat'><strong>‘&#39;</strong></span> <span class='ocrx_word' id='word_1_232' title='bbox 1058 3545 1066 3572; x_wconf 86' lang='lat'><em>’</em></span> <span class='ocrx_word' id='word_1_233' title='bbox 1110 3544 1117 3559; x_wconf 83' lang='lat'><strong>‘</strong></span> <span class='ocrx_word' id='word_1_234' title='bbox 1152 3543 1160 3560; x_wconf 85' lang='lat'>&#39;</span> 
     </span>
    </p>
   </div>
   <div class='ocr_carea' id='block_1_6' title="bbox 209 3617 1160 3768">
    <p class='ocr_par' dir='ltr' id='par_1_9' title="bbox 209 3617 1160 3768">
     <span class='ocr_line' id='line_1_33' title="bbox 209 3617 1160 3711; baseline -0.014 -38"><span class='ocrx_word' id='word_1_235' title='bbox 209 3625 260 3706; x_wconf 81' lang='lat' dir='ltr'><strong>thie</strong></span> <span class='ocrx_word' id='word_1_236' title='bbox 274 3622 366 3704; x_wconf 79' lang='lat' dir='ltr'><strong>battle,</strong></span> <span class='ocrx_word' id='word_1_237' title='bbox 382 3620 425 3668; x_wconf 89' lang='lat' dir='ltr'><strong>the</strong></span> <span class='ocrx_word' id='word_1_238' title='bbox 442 3633 487 3668; x_wconf 85' lang='lat' dir='ltr'><strong>son</strong></span> <span class='ocrx_word' id='word_1_239' title='bbox 505 3618 534 3666; x_wconf 88' lang='lat' dir='ltr'><strong>of</strong></span> <span class='ocrx_word' id='word_1_240' title='bbox 548 3617 673 3668; x_wconf 83' lang='lat' dir='ltr'><strong>Constan-</strong></span> <span class='ocrx_word' id='word_1_241' title='bbox 731 3645 857 3711; x_wconf 49' lang='lat' dir='ltr'><strong>emm]</strong></span> <span class='ocrx_word' id='word_1_242' title='bbox 870 3650 899 3698; x_wconf 44' lang='lat' dir='ltr'><strong>S·</strong></span> <span class='ocrx_word' id='word_1_243' title='bbox 909 3649 939 3697; x_wconf 44' lang='lat' dir='ltr'><strong>G·</strong></span> <span class='ocrx_word' id='word_1_244' title='bbox 947 3648 983 3697; x_wconf 43' lang='lat' dir='ltr'><strong>D·</strong></span> <span class='ocrx_word' id='word_1_245' title='bbox 990 3647 1036 3708; x_wconf 33' lang='lat' dir='ltr'><strong>L&amp;</strong></span> <span class='ocrx_word' id='word_1_246' title='bbox 1056 3647 1160 3695; x_wconf 65' lang='lat' dir='ltr'><strong>omitted</strong></span> 
     </span>
     <span class='ocr_line' id='line_1_34' title="bbox 209 3686 768 3768; baseline -0.018 -26"><span class='ocrx_word' id='word_1_247' title='bbox 209 3700 260 3742; x_wconf 88' lang='lat' dir='ltr'><strong>tme</strong></span> <span class='ocrx_word' id='word_1_248' title='bbox 271 3707 294 3740; x_wconf 89' lang='lat' dir='ltr'><strong>rs</strong></span> <span class='ocrx_word' id='word_1_249' title='bbox 305 3689 402 3740; x_wconf 87' lang='lat' dir='ltr'><strong>related</strong></span> <span class='ocrx_word' id='word_1_250' title='bbox 419 3693 445 3737; x_wconf 90' lang='lat' dir='ltr'><strong>to</strong></span> <span class='ocrx_word' id='word_1_251' title='bbox 463 3688 528 3735; x_wconf 85' lang='lat' dir='ltr'><strong>hare</strong></span> <span class='ocrx_word' id='word_1_252' title='bbox 545 3687 610 3735; x_wconf 91' lang='lat' dir='ltr'><strong>been</strong></span> <span class='ocrx_word' id='word_1_253' title='bbox 627 3686 674 3734; x_wconf 84' lang='lat' dir='ltr'><strong>left</strong></span> <span class='ocrx_word' id='word_1_254' title='bbox 697 3720 723 3768; x_wconf 70' lang='lat' dir='ltr'><strong>in</strong></span> <span class='ocrx_word' id='word_1_255' title='bbox 735 3720 768 3768; x_wconf 48' lang='lat' dir='ltr'><strong>E·</strong></span> 
     </span>
    </p>
   </div>
   <div class='ocr_carea' id='block_1_7' title="bbox 209 3716 1161 3956">
    <p class='ocr_par' dir='ltr' id='par_1_10' title="bbox 209 3716 1161 3956">
     <span class='ocr_line' id='line_1_35' title="bbox 209 3716 1079 3838; baseline -0.026 -27"><span class='ocrx_word' id='word_1_256' title='bbox 209 3755 673 3818; x_wconf 81' lang='lat' dir='ltr'><strong>‘onthefieldofslaughtercovered</strong></span> <span class='ocrx_word' id='word_1_257' title='bbox 732 3800 743 3838; x_wconf 85' lang='lat'>7</span> <span class='ocrx_word' id='word_1_258' title='bbox 778 3716 932 3815; x_wconf 49' lang='grc' dir='ltr'><strong>ἶΡΜΡΔ·</strong></span> <span class='ocrx_word' id='word_1_259' title='bbox 1015 3801 1040 3812; x_wconf 45' lang='grc' dir='ltr'>Η</span> <span class='ocrx_word' id='word_1_260' title='bbox 1074 3801 1079 3814; x_wconf 38' lang='lat'>⁸</span> 
     </span>
     <span class='ocr_line' id='line_1_36' title="bbox 209 3802 1161 3886; baseline -0.028 -6"><span class='ocrx_word' id='word_1_261' title='bbox 209 3831 271 3880; x_wconf 86' lang='lat' dir='ltr'><strong>with</strong></span> <span class='ocrx_word' id='word_1_262' title='bbox 291 3827 425 3886; x_wconf 84' lang='lat' dir='ltr'><strong>wounds;&#39;</strong></span> <span class='ocrx_word' id='word_1_263' title='bbox 448 3826 494 3874; x_wconf 91' lang='lat' dir='ltr'><strong>but</strong></span> <span class='ocrx_word' id='word_1_264' title='bbox 516 3827 536 3872; x_wconf 88' lang='lat' dir='ltr'><strong>it</strong></span> <span class='ocrx_word' id='word_1_265' title='bbox 557 3824 580 3873; x_wconf 85' lang='lat' dir='ltr'><strong>ie</strong></span> <span class='ocrx_word' id='word_1_266' title='bbox 603 3825 673 3873; x_wconf 89' lang='lat' dir='ltr'><strong>there</strong></span> <span class='ocrx_word' id='word_1_267' title='bbox 761 3805 845 3853; x_wconf 82' lang='lat' dir='ltr'><strong>Pauca</strong></span> <span class='ocrx_word' id='word_1_268' title='bbox 864 3808 945 3865; x_wconf 63' lang='lat' dir='ltr'><strong>&#39;W&#39;</strong></span> <span class='ocrx_word' id='word_1_269' title='bbox 954 3802 1080 3860; x_wconf 69' lang='lat' dir='ltr'><strong>fssmtlwt‘!</strong></span> <span class='ocrx_word' id='word_1_270' title='bbox 1097 3803 1161 3866; x_wconf 62' lang='lat' dir='ltr'><strong>stylo</strong></span> 
     </span>
     <span class='ocr_line' id='line_1_37' title="bbox 210 3872 1159 3956; baseline -0.025 -7"><span class='ocrx_word' id='word_1_271' title='bbox 210 3899 340 3956; x_wconf 85' lang='lat' dir='ltr'><strong>recorded,</strong></span> <span class='ocrx_word' id='word_1_272' title='bbox 358 3911 386 3946; x_wconf 81' lang='lat' dir='ltr'><strong>as</strong></span> <span class='ocrx_word' id='word_1_273' title='bbox 406 3897 460 3945; x_wconf 85' lang='lat' dir='ltr'><strong>also</strong></span> <span class='ocrx_word' id='word_1_274' title='bbox 472 3895 498 3942; x_wconf 94' lang='lat' dir='ltr'><strong>in</strong></span> <span class='ocrx_word' id='word_1_275' title='bbox 510 3894 630 3942; x_wconf 86' lang='lat' dir='ltr'><strong>Florence</strong></span> <span class='ocrx_word' id='word_1_276' title='bbox 647 3893 677 3942; x_wconf 84' lang='lat' dir='ltr'><strong>of</strong></span> <span class='ocrx_word' id='word_1_277' title='bbox 696 3873 856 3935; x_wconf 57' lang='lat' dir='ltr'><strong>mmm]</strong></span> <span class='ocrx_word' id='word_1_278' title='bbox 881 3872 1056 3931; x_wconf 64' lang='lat' dir='ltr'><strong>Mstlmeflbffl&#39;y</strong></span> <span class='ocrx_word' id='word_1_279' title='bbox 1078 3885 1159 3920; x_wconf 66' lang='lat' dir='ltr'><strong>fleems</strong></span> 
     </span>
    </p>
   </div>
   <div class='ocr_carea' id='block_1_8' title="bbox 209 3940 1164 4092">
    <p class='ocr_par' dir='ltr' id='par_1_11' title="bbox 209 3940 1164 4092">
     <span class='ocr_line' id='line_1_38' title="bbox 209 3940 1164 4025; baseline -0.023 -16"><span class='ocrx_word' id='word_1_280' title='bbox 209 3972 362 4025; x_wconf 46' lang='lat' dir='ltr'><strong>worcester,</strong></span> <span class='ocrx_word' id='word_1_281' title='bbox 388 3966 443 4013; x_wconf 64' lang='lat' dir='ltr'><strong>that</strong></span> <span class='ocrx_word' id='word_1_282' title='bbox 470 3963 530 4012; x_wconf 67' lang='lat' dir='ltr'>both</span> <span class='ocrx_word' id='word_1_283' title='bbox 550 3963 674 4012; x_wconf 47' lang='lat' dir='ltr'><strong>(jonaan,</strong></span> <span class='ocrx_word' id='word_1_284' title='bbox 697 3948 723 3991; x_wconf 91' lang='lat' dir='ltr'><strong>to</strong></span> <span class='ocrx_word' id='word_1_285' title='bbox 742 3943 807 3991; x_wconf 85' lang='lat' dir='ltr'><strong>have</strong></span> <span class='ocrx_word' id='word_1_286' title='bbox 824 3941 929 3990; x_wconf 87' lang='lat' dir='ltr'><strong>derived</strong></span> <span class='ocrx_word' id='word_1_287' title='bbox 945 3941 995 3989; x_wconf 85' lang='lat' dir='ltr'><strong>this</strong></span> <span class='ocrx_word' id='word_1_288' title='bbox 1013 3945 1121 3988; x_wconf 88' lang='lat' dir='ltr'><strong>account</strong></span> <span class='ocrx_word' id='word_1_289' title='bbox 1134 3940 1164 3988; x_wconf 83' lang='lat' dir='ltr'><strong>of</strong></span> 
     </span>
     <span class='ocr_line' id='line_1_39' title="bbox 209 4009 1161 4092; baseline -0.022 -15"><span class='ocrx_word' id='word_1_290' title='bbox 209 4041 261 4087; x_wconf 68' lang='lat' dir='ltr'><strong>tine</strong></span> <span class='ocrx_word' id='word_1_291' title='bbox 282 4038 332 4086; x_wconf 66' lang='lat' dir='ltr'><strong>and</strong></span> <span class='ocrx_word' id='word_1_292' title='bbox 353 4034 418 4084; x_wconf 67' lang='lat' dir='ltr'><strong>olas</strong></span> <span class='ocrx_word' id='word_1_293' title='bbox 434 4033 544 4092; x_wconf 46' lang='grc' dir='ltr'>θεωρῶ</span> <span class='ocrx_word' id='word_1_294' title='bbox 563 4036 588 4079; x_wconf 64' lang='lat' dir='ltr'><strong>to</strong></span> <span class='ocrx_word' id='word_1_295' title='bbox 607 4027 674 4080; x_wconf 42' lang='lat' dir='ltr'>thei}</span> <span class='ocrx_word' id='word_1_296' title='bbox 697 4009 848 4061; x_wconf 78' lang='lat' dir='ltr'><strong>Aethelsttn</strong></span> <span class='ocrx_word' id='word_1_297' title='bbox 858 4011 921 4059; x_wconf 89' lang='lat' dir='ltr'><strong>from</strong></span> <span class='ocrx_word' id='word_1_298' title='bbox 938 4025 1006 4059; x_wconf 84' lang='lat' dir='ltr'><strong>some</strong></span> <span class='ocrx_word' id='word_1_299' title='bbox 1017 4024 1106 4058; x_wconf 83' lang='lat' dir='ltr'><strong>source</strong></span> <span class='ocrx_word' id='word_1_300' title='bbox 1118 4013 1161 4058; x_wconf 90' lang='lat' dir='ltr'><strong>net</strong></span> 
     </span>
    </p>
   </div>
   <div class='ocr_carea' id='block_1_9' title="bbox 211 4080 1031 4169">
    <p class='ocr_par' dir='ltr' id='par_1_12' title="bbox 211 4080 1031 4169">
     <span class='ocr_line' id='line_1_40' title="bbox 211 4080 1031 4169; baseline -0.028 -13"><span class='ocrx_word' id='word_1_301' title='bbox 211 4109 290 4169; x_wconf 82' lang='lat' dir='ltr'><strong>ships.</strong></span> <span class='ocrx_word' id='word_1_302' title='bbox 318 4101 672 4153; x_wconf 81' lang='lat' dir='ltr'><strong>TheGhronicleoiMelroee</strong></span> <span class='ocrx_word' id='word_1_303' title='bbox 697 4080 949 4142; x_wconf 61' lang='lat' dir='ltr'><strong>”lplfflfflll‘mh&#39;ss-</strong></span> <span class='ocrx_word' id='word_1_304' title='bbox 1029 4126 1031 4130; x_wconf 91' lang='lat'><strong>.</strong></span> 
     </span>
    </p>
   </div>
   <div class='ocr_carea' id='block_1_10' title="bbox 209 4162 1157 4296">
    <p class='ocr_par' dir='ltr' id='par_1_13' title="bbox 209 4162 1157 4296">
     <span class='ocr_line' id='line_1_41' title="bbox 210 4162 1157 4227; baseline -0.018 0"><span class='ocrx_word' id='word_1_305' title='bbox 210 4182 288 4227; x_wconf 84' lang='lat' dir='ltr'><strong>states</strong></span> <span class='ocrx_word' id='word_1_306' title='bbox 299 4175 355 4223; x_wconf 91' lang='lat' dir='ltr'><strong>that</strong></span> <span class='ocrx_word' id='word_1_307' title='bbox 365 4173 528 4222; x_wconf 83' lang='lat' dir='ltr'><strong>Constantine</strong></span> <span class='ocrx_word' id='word_1_308' title='bbox 535 4170 672 4220; x_wconf 87' lang='lat' dir='ltr'><strong>diedA.D.</strong></span> <span class='ocrx_word' id='word_1_309' title='bbox 735 4162 792 4213; x_wconf 72' lang='lat' dir='ltr'><strong>“Et</strong></span> <span class='ocrx_word' id='word_1_310' title='bbox 809 4165 835 4212; x_wconf 81' lang='lat' dir='ltr'><strong>in</strong></span> <span class='ocrx_word' id='word_1_311' title='bbox 855 4164 936 4226; x_wconf 63' lang='lat' dir='ltr'><strong>hello]</strong></span> <span class='ocrx_word' id='word_1_312' title='bbox 962 4164 991 4214; x_wconf 81' lang='lat' dir='ltr'><strong>S.</strong></span> <span class='ocrx_word' id='word_1_313' title='bbox 1012 4164 1041 4212; x_wconf 84' lang='lat' dir='ltr'><strong>G.</strong></span> <span class='ocrx_word' id='word_1_314' title='bbox 1062 4163 1097 4212; x_wconf 90' lang='lat' dir='ltr'><strong>D.</strong></span> <span class='ocrx_word' id='word_1_315' title='bbox 1112 4164 1157 4224; x_wconf 76' lang='lat' dir='ltr'><strong>E.;</strong></span> 
     </span>
     <span class='ocr_line' id='line_1_42' title="bbox 209 4232 926 4296; baseline -0.021 0"><span class='ocrx_word' id='word_1_316' title='bbox 209 4251 267 4296; x_wconf 73' lang='lat' dir='ltr'><strong>ela.</strong></span> <span class='ocrx_word' id='word_1_317' title='bbox 698 4235 803 4283; x_wconf 83' lang='lat' dir='ltr'><strong>omitted</strong></span> <span class='ocrx_word' id='word_1_318' title='bbox 814 4235 840 4283; x_wconf 92' lang='lat' dir='ltr'><strong>in</strong></span> <span class='ocrx_word' id='word_1_319' title='bbox 848 4232 882 4284; x_wconf 75' lang='lat' dir='ltr'><strong>A.</strong></span> <span class='ocrx_word' id='word_1_320' title='bbox 894 4235 926 4283; x_wconf 86' lang='lat' dir='ltr'><strong>L.</strong></span> 
     </span>
    </p>
   </div>
   <div class='ocr_carea' id='block_1_11' title="bbox 992 4325 1011 4369">
    <p class='ocr_par' dir='ltr' id='par_1_14' title="bbox 992 4325 1011 4369">
     <span class='ocr_line' id='line_1_43' title="bbox 992 4325 1011 4369; baseline 0 0"><span class='ocrx_word' id='word_1_321' title='bbox 992 4325 1011 4369; x_wconf 90' lang='lat' dir='ltr'><strong>P</strong></span> 
     </span>
    </p>
   </div>
   <div class='ocr_carea' id='block_1_12' title="bbox 0 0 1568 4976">
    <p class='ocr_par' dir='ltr' id='par_1_15' title="bbox 0 0 1568 4976">
     <span class='ocr_line' id='line_1_44' title="bbox 0 0 1568 4976; baseline 0 1"><span class='ocrx_word' id='word_1_322' title='bbox 0 0 1568 4976; x_wconf 95' lang='lat' dir='ltr'><strong> </strong></span> 
     </span>
    </p>
   </div>
  </div>
 </body>
</html>
