3112 4968
247 511 317 562 mu.
333 495 391 576 ιι.]
476 509 590 560 casm
613 510 742 557 arcun
765 509 980 560 succorum
1132 495 1199 562 293

245 668 370 732 tientia
399 665 465 731 sibi
488 667 734 730 substerneret.
789 664 949 747 Denique
970 663 1080 728 fertur
1103 667 1196 748 quod

244 767 417 844 noctibus,
448 764 624 830 custodias
655 762 862 826 famulorum
886 761 1022 841 fallens,
1052 765 1195 828 incomi»

243 872 339 930 tatus
364 865 407 929 ad
434 864 624 928 matutinas
656 861 900 926 monachorum
930 863 1047 926 venire
1070 863 1194 930 solitus

240 963 359 1043 viurarit,
375 958 633 1046 ¹genuflexibus
650 979 759 1044 usque
783 961 827 1024 ad
848 961 961 1024 lucem
980 961 1192 1028 incumbens.
1270 973 1273 980 '

242 1063 287 1127 Id
304 1064 497 1146 praesertim
509 1061 601 1145 apud
618 1061 841 1124 Fiscanninm
855 1080 1032 1138 exercens,
1043 1062 1193 1145 quadam

240 1170 344 1227 'nocte
373 1163 543 1226 maturius
580 1179 618 1224 se
648 1161 796 1241 agabat3
825 1175 971 1242 cumque
1002 1161 1194 1228 invenisset

242 1262 371 1326 ostium
385 1262 595 1337 obseratum,
610 1277 758 1323 excusso
773 1258 959 1322 violentius
969 1261 1120 1340 pessulo,
1135 1275 1192 1324 so-

242 1379 361 1442 porem
381 1361 537 1425 sacristae
566 1358 732 1423 turbavit.
786 1357 863 1434 Ille,
893 1357 1039 1422 miratus
1065 1358 1102 1422 in
1129 1358 1192 1424 tali

241 1461 356 1524 noctis
380 1460 522 1524 horrore
547 1457 719 1540 pulsantis
743 1457 938 1538 strepitum,
966 1457 1130 1536 surrexit,
1152 1467 1192 1524 ut

240 1559 374 1623 viderat
389 1566 461 1622 tam
476 1558 616 1622 audacis
632 1555 717 1620 facti
730 1555 927 1635 conscium
950 1555 1192 1641 reperiensque

241 1665 283 1723 ut
309 1658 493 1724 videbatur
520 1656 699 1732 rusticum,
729 1654 864 1736 plebeio
889 1661 1019 1718 tectum
1049 1657 1190 1734 amictu,

240 1776 311 1823 non
333 1757 448 1840 potuit
460 1754 576 1820 animo
599 1773 663 1818 suo
684 1755 853 1834 imperare
869 1760 909 1817 ut
922 1755 1081 1818 manibus
1103 1761 1190 1824 teme

242 1863 393 1939 peraret,
414 1855 488 1933 sed,
507 1853 703 1920 vehementi
726 1851 807 1915 selle
833 1860 1036 1929 commotus,
1061 1853 1189 1918 crinem

238 1955 385 2033 invadit,
402 1955 530 2019 multos
551 1947 679 2017 illustri
693 1951 767 2017 viro
788 1950 954 2034 colaphos
974 1952 1188 2033 infringens:

240 2054 345 2120 durat
364 2053 424 2118 ille
446 2051 640 2118 incredibili
667 2051 848 2134 patientia,
873 2069 937 2115 nec
962 2051 1087 2116 mutire
1113 2051 1190 2134 dig-

240 2161 356 2218 natus,
419 2153 566 2216 Postero
596 2150 651 2214 die
679 2151 716 2213 in
741 2150 894 2231 capitulo
924 2150 1099 2231 querelam
1131 2150 1191 2214 de-

241 2253 362 2335 ponit3
386 2252 507 2334 iraque
523 2250 696 2325 simulata,
712 2247 918 2312 monachum
932 2249 976 2310 ad
992 2249 1107 2312 vicum
1121 2247 1190 2312 Ar-

240 2351 378 2433 gentias
402 2350 467 2414 sibi
489 2348 655 2432 praecepit
677 2348 867 2424 occurrere,
889 2346 1055 2410 minitans
1079 2366 1117 2409 so
1136 2348 1190 2411 ul·

240 2456 357 2515 turum
381 2450 418 2513 in
439 2448 514 2532 ejus
542 2446 747 2530 pervicacia,
771 2445 864 2528 quod
889 2452 966 2510 tota
993 2445 1191 2529 loqueretur

240 2548 370 2612 Gallia.
415 2549 483 2613 Dio
499 2547 593 2612 dicta
608 2543 779 2609 monacho
790 2551 940 2622 astante,
956 2551 992 2608 ot
1006 2565 1079 2627 prae
1094 2545 1187 2614 metu

240 2667 328 2731 pene
343 2645 555 2723 exanimato,
578 2665 649 2708 rem
671 2645 870 2727 proceribus
892 2644 1047 2726 exponit,
1063 2643 1190 2708 atroci*

240 2754 349 2812 tatem
364 2747 449 2810 facti
467 2766 530 2828 per
544 2743 848 2826 amplificationem
869 2761 1107 2826 exaggerans;
1131 2762 1189 2806 co-

238 2855 379 2912 nantem
411 2865 507 2909 reum
535 2843 743 2926 respondere
774 2840 908 2905 callidis
937 2841 1190 2926 objectionibus

239 2945 441 3028 aliquandiu
469 2942 662 3027 suspendit.
713 2941 908 3017 Postremo,
939 2948 980 3005 ut
1003 2940 1190 3024 jocundior

238 3052 331 3112 esset
352 3043 583 3108 miserationis
605 3040 762 3118 materia,
785 3041 829 3104 ab
851 3040 1076 3122 optimatibus
1093 3039 1188 3124 judig·

233 3141 355 3209 ,catum
371 3144 558 3208 clementer
572 3140 734 3218 obsolvit,
750 3146 931 3222 totumquo
945 3139 1061 3204 vicum
1077 3139 1187 3218 illum,

239 3244 299 3325 qui
314 3243 435 3326 optimi
449 3242 521 3307 vini
542 3236 643 3304 ferax
664 3258 741 3304 esse
762 3239 900 3316 dicitur,
918 3258 997 3302 cum
1019 3238 1187 3321 appendi-

240 3341 298 3404 tiis
313 3341 398 3418 suis,
413 3339 525 3404 officio
536 3334 630 3423 ²ejus
647 3336 801 3416 addixit3
819 3336 1052 3418 pronuncians
1066 3356 1187 3401 mona·

239 3439 341 3502 chum
366 3458 443 3503 esse
458 3439 638 3520 optimum,
657 3436 729 3518 qui,
743 3437 830 3499 bene
845 3435 1043 3498 custodiens
1061 3454 1188 3500 munus

238 3538 444 3621 injunctum,
462 3531 543 3600 ³nec
563 3535 715 3619 percitus
738 3535 791 3597 ira
811 3534 985 3598 laxaverit
999 3534 1184 3598 silentium.

239 3631 346 3704 4Post
361 3636 485 3718 viginti
500 3643 578 3700 octo
594 3652 704 3697 annos
721 3633 867 3696 ducatus
883 3633 1003 3696 mortis
1017 3631 1111 3696 viam
1132 3634 1187 3698 in-

274 3865 281 3896 ¹
297 3867 497 3932 Genusteribus]
510 3866 540 3916 C.
552 3866 587 3915 D.
599 3867 634 3915 E.
645 3863 701 3925 M.;
727 3837 844 3924 example
863 3861 892 3910 of
907 3861 950 3910 the
969 3875 1086 3911 manners
1103 3861 1132 3910 oi
1146 3862 1188 3912 the

239 3939 466 4002 genuflexionibus,
476 3935 510 3986 A.
522 3935 551 3986 S.
563 3936 594 3984 L.
727 3947 783 3995 age.
803 3931 886 3998 (Prol.
898 3931 961 3979 Rec.
972 3931 1019 3981 des
1031 3932 1101 3982 Hist.
1113 3932 1146 3983 de
1162 3931 1189 3982 la

273 4006 380 4070 Ἥκω]
391 4005 426 4056 Α.
436 4009 465 4056 C.
478 4006 514 4056 D.
523 4007 556 4054 E.
566 4005 616 4065 L.;
633 4005 701 4066 eJus·
727 4003 904 4061 France,tom.
915 3997 955 4063 x.)
1177 4011 1180 4034 :

239 4080 297 4128 dem
309 4077 433 4136 sacriatae,
444 4075 474 4126 S.
761 4067 772 4098 ⁴
791 4071 854 4119 Post
867 4068 960 4130 viginti
977 4075 1029 4117 octo
1050 4085 1126 4119 aanor
1143 4072 1189 4119 du·

274 4139 489 4212 ³Necperritus.]
506 4140 701 4192 Thisanecdote
726 4135 828 4208 cotue]
861 4139 975 4188 Richerd
996 4139 1034 4190 11.
1057 4137 1117 4188 held
1145 4139 1188 4190 the

238 4218 267 4267 of
278 4216 390 4266 Richard
403 4216 442 4278 11,
453 4214 523 4263 duke
538 4212 567 4262 of
575 4214 702 4261 Noumen-
727 4208 814 4272 duchy
824 4207 853 4258 oi
861 4209 1009 4271 Normandy
1017 4209 1095 4273 thirty
1104 4213 1189 4272 years.

239 4287 342 4352 dy‚has
353 4284 568 4336 beencitedcra
587 4282 702 4346 singrdar
726 4281 774 4331 See
786 4283 843 4330 note
854 4275 874 4344 ⁸,
885 4294 911 4342 p.
924 4281 982 4329 Μ.
