3112 4968
372 469 439 536 358
589 482 703 530 casm
725 481 853 529 ancum
876 479 1092 532 ANGLORUM.
1187 465 1273 546 [ΗΒ.
1290 481 1331 528 11.

378 641 531 709 evanuit.
585 639 732 722 CorpuS,
747 659 846 702 muro
861 637 1076 721 applicitum,
1092 637 1260 701 vastitate
1275 637 1331 700 sui

380 743 546 808 moenium
579 739 797 803 altitudinem
828 739 932 815 vicit;
970 737 1030 800 sed
1066 737 1331 819 procedentibus

383 843 515 914 diebus,
529 838 712 904 stillicidiis
728 837 913 902 rorulentis
936 835 1100 912 infusum,
1116 855 1330 900 communem

383 941 581 1006 mortalium
604 938 857 1020 corruptionem
874 937 1030 1018 agnovit,
1057 942 1136 1000 cute
1160 936 1276 1000 soluta
1297 943 1333 1000 et

387 1039 502 1106 nervis
517 1038 717 1102 fluentibus.
1400 1027 1404 1032 ’

501 1273 548 1320 DE
571 1273 736 1320 MULIERE
760 1271 834 1320 DUO
857 1272 1024 1320 coarcat
1048 1273 1229 1320 HABENTE.

267 1508 271 1516 Ι
304 1465 318 1492 n
363 1473 373 1482 -
444 1432 552 1519 §202
574 1431 674 1496 Tunc
698 1449 835 1513 quoque
858 1430 895 1493 in
919 1429 1070 1494 confinio
1093 1429 1283 1493 Britanniae
1306 1437 1342 1494 et

230 1509 381 1605 filleina
394 1531 623 1599 Normanniae·
642 1536 840 1613 portentum
856 1529 969 1594 visum
986 1531 1097 1603 estin
1114 1549 1184 1592 una
1199 1529 1255 1593 vcl
1277 1549 1339 1611 po-

233 1606 364 1655 ⁸⁰¹¹¹¹⁸”‘¹''
394 1633 464 1697 tius
481 1632 615 1695 duabus
637 1629 851 1693 mulieribus
894 1628 977 1692 Duo
991 1635 1091 1691 erant
1108 1630 1236 1710 capita,
1252 1649 1338 1710 qua·

394 1740 474 1796 tuor
489 1730 642 1806 brachia,
658 1735 694 1793 et
715 1735 842 1792 caetera
866 1728 1004 1809 gemina
1025 1729 1141 1792 omnia
1163 1747 1274 1810 usque
1296 1728 1340 1791 ad

395 1830 619 1894 umbilicum:
654 1821 797 1891 inferius
823 1828 892 1892 duo
921 1847 1034 1904 crura,
1060 1828 1130 1891 duo
1157 1827 1275 1910 pedes,
1305 1834 1341 1891 et

396 1937 524 1993 caetera
541 1929 657 1992 omnia
679 1926 829 2008 singula.
882 1926 1046 2004 Ridebat,
1062 1928 1274 2003 comedebat,
1287 1927 1341 1991 lo·

397 2030 569 2112 quebatur
593 2045 684 2091 una:
708 2026 826 2103 flebat,
852 2027 1037 2103 esuriebat,
1062 2027 1200 2091 tacebat
1219 2026 1339 2090 altera.

325 2117 335 2134 ”
399 2130 470 2194 Ore
490 2127 628 2209 gemino
650 2125 935 2203 manducabatur,
960 2127 1021 2190 sed
1048 2137 1118 2190 uno
1145 2134 1262 2190 meatu
1288 2127 1341 2188 di-

399 2229 595 2310 gerebatur.
647 2225 829 2289 Postrcmo
851 2243 923 2289 una
950 2224 1126 2302 defuncta,
1149 2226 1344 2308 supervixit

399 2329 529 2392 altera:
551 2325 707 2408 portavit
719 2345 806 2407 pene
828 2324 1072 2390 triennioviva
1085 2333 1268 2402 mortuam,
1283 2325 1343 2388 do-

400 2447 464 2490 nec
491 2433 526 2490 et
550 2425 641 2489 mole
666 2424 828 2506 ponderis
854 2431 889 2488 et
911 2425 1030 2488 nidore
1061 2425 1240 2489 cadaveris
1268 2425 1345 2506 ipsa

401 2545 539 2608 quoque
564 2523 701 2588 defecit.
754 2522 922 2587 Putatum
946 2530 999 2587 est
1023 2543 1045 2587 a
1069 2525 1287 2606 quibusdam,
1310 2531 1345 2588 et

401 2626 511 2689 literis
542 2625 646 2689 etiam
673 2622 852 2700 traditum,
883 2624 975 2706 quod
1005 2623 1059 2686 bae
1083 2624 1243 2688 mulieres
1270 2623 1346 2688 An·

403 2724 510 2806 gliam
524 2729 559 2786 et
574 2722 824 2787 Normanniam
847 2723 1140 2805 significaverint3
1163 2743 1253 2806 quae,
1266 2724 1348 2789 licet

404 2823 528 2905 spatiis
544 2828 713 2886 terrarum
730 2823 800 2885 sint
813 2821 947 2900 divisae,
963 2829 1045 2886 sunt
1059 2829 1175 2887 tamen
1197 2824 1260 2886 sub
1277 2843 1347 2888 uno

404 2923 556 2986 dominio
581 2923 699 2986 unitae.
753 2921 822 2986 Hae
845 2907 1007 3004 quicquid
1028 2924 1251 3004 pecuniarum
1274 2923 1348 2986 avi·

405 3022 458 3085 dis
475 3021 632 3084 faucibus
652 3021 895 3098 insorbuerint,
918 3022 955 3085 in
980 3023 1266 3086 unam'lacunam
1289 3022 1348 3085 de-

406 3120 494 3196 fluit,
509 3137 587 3200 quac
602 3120 717 3184 situel
740 3121 932 3202 principum
950 3121 1110 3200 avaritia,
1124 3123 1182 3187 vel
1203 3123 1348 3186 circum-

406 3220 598 3302 positarum
612 3219 765 3300 gentium
780 3219 928 3284 ferocia:
946 3227 1118 3284 mortuam
1132 3230 1168 3286 et
1181 3242 1269 3305 pene
1286 3242 1349 3285 ex-

407 3319 568 3383 haustam
585 3316 837 3382 Normauniam
854 3320 977 3401 vigens
1002 3320 1157 3402 pecuniis
1177 3328 1350 3385 sustentat

397 3415 550 3500 ¹Anglia,
567 3418 676 3482 donec
698 3425 734 3482 et
756 3419 834 3500 ipsa
849 3418 1007 3482 fortassis
1030 3422 1231 3484 succumbat
1245 3441 1349 3486 exac-

410 3524 524 3582 torum
546 3518 734 3598 violentia;
759 3517 844 3581 felix
868 3519 898 3582 si
922 3538 1075 3601 unquam
1097 3520 1133 3582 in
1154 3520 1350 3585 libertatem

397 3618 579 3699 respirare
592 3617 732 3699 poterit,
746 3617 845 3700 cujus
862 3618 999 3682 inanem
1009 3618 1213 3701 jamdudum
1235 3639 1352 3702 perse-

409 3717 527 3797 quitur
547 3717 716 3802 umbram.
768 3716 874 3780 Nunc
895 3719 1002 3798 gemit
1023 3718 1279 3783 calamitatibus
1299 3720 1353 3783 af·

409 3813 515 3890 dicta,
539 3816 761 3898 pensionibus
784 3816 939 3880 addicta:
964 3837 1104 3882 causam
1127 3819 1272 3902 hujusce
1294 3839 1352 3884 ca·

408 3912 575 3980 lamitatis
597 3916 799 3993 describam,
821 3917 851 3979 si
872 3917 968 3998 prius
984 3919 1143 3998 quaedam
1165 3918 1287 3984 dixero
1310 3921 1353 3983 ad
1476 3901 1479 3911 ¹

407 4033 481 4079 rem
506 4015 728 4098 pertinentia.
789 4014 883 4093 Quia
904 4017 995 4079 enim
1022 4017 1173 4082 forensia
1197 4027 1298 4100 gesta
1319 4026 1354 4083 ct

244 4127 374 4169 accounts
407 4117 549 4195 negotia
566 4115 691 4178 bellica
713 4135 831 4196 regum
848 4113 1041 4198 Anglorum
1058 4117 1125 4181 huc
1139 4137 1250 4199 usquc
1272 4139 1354 4182 con-

243 4181 393 4268 ss'r'lt'i'ssmn
407 4215 516 4289 texui,
539 4203 623 4277 libet
647 4215 896 4298 aliquantisper
921 4217 958 4278 in
985 4218 1169 4282 sanctitate
1202 4237 1353 4299 quorun-
