3128 4976
235 516 303 562 mn.
320 498 377 578 11.]
451 514 565 563 eesrn
588 515 715 564 aeeon
740 516 951 564 nuenouuu.
1120 503 1185 568 279

234 672 277 733 ab
296 670 445 734 obsessis
461 668 662 752 corporibus
677 672 904 753 expellerent,
918 672 1077 754 apposito
1092 675 1184 737 nari·

234 772 298 832 bus
326 769 490 853 patientis
523 770 653 834 annulo
682 771 832 835 habente
860 771 1013 852 sigillum
1039 792 1061 836 a
1084 772 1184 837 Salo-

233 888 335 933 mone
360 875 603 946 monstratum,
628 869 742 945 credo,
770 871 923 952 inquam,
950 871 1043 953 quod
1068 881 1103 936 et
1126 874 1185 937 isti

234 969 324 1032 hanc
338 969 518 1033 scientiam
534 968 617 1032 dare
639 971 803 1050 potuerit,
826 991 888 1034 nec
912 979 1029 1036 tamen
1053 970 1184 1037 affirmo

234 1068 327 1151 quod
341 1067 482 1133 dederit.

309 1259 482 1321 cuonone
505 1259 649 1319 emmau
675 1258 890 1307 rursxuaos
912 1258 1105 1308 oorovranr

470 1403 479 1421 ,
575 1356 830 1418 Qumsranuxr.

284 1465 302 1549 §
318 1465 394 1530 170.
420 1464 488 1530 Sed
503 1466 578 1530 haec
591 1463 733 1529 lecturis
744 1465 952 1547 relinquens,
965 1463 1078 1530 dicam
1090 1463 1183 1546 quod
1197 1487 1216 1526 r
1225 1487 1307 1538 agana

233 1585 255 1629 a
269 1565 419 1648 quodam
433 1565 500 1628 loci
512 1565 622 1630 nostri
632 1564 813 1641 monacho,
824 1583 950 1645 genere
960 1561 1183 1645 Aquitanico,

234 1671 338 1729 aetate
354 1672 530 1746 provecto,
549 1670 623 1727 arte
646 1664 791 1740 medice,
814 1665 850 1726 in
874 1661 1024 1745 pueritia
1042 1662 1183 1727 ,audisse

234 1785 288 1828 me
303 1763 454 1829 memini.
507 1769 517 1798 ‘
535 1763 634 1843 Ego,'
649 1762 775 1838 aiebat,
792 1768 802 1798 ‘
818 1762 1006 1845 septennis,
1020 1761 1184 1844 despecta

232 1864 389 1927 exilitate
403 1863 514 1945 patris
531 1863 610 1939 mei,
627 1861 809 1943 municipis
832 1861 1099 1929 Barcinonensis
1122 1860 1182 1927 ad.-

232 1963 371 2028 modum
401 1962 527 2040 tenuis,
556 1962 802 2026 transcendens
840 1961 937 2027 nives
964 1959 1124 2044 Alpinas,
1146 1961 1183 2025 in

234 2062 374 2128 Itaham
391 2062 481 2127 veni.
534 2061 601 2138 Ibi,
619 2068 659 2125 ut
674 2061 709 2126 id
726 2059 841 2125 aetatis
856 2061 968 2143 pusio,
981 2079 1116 2126 summa
1129 2060 1182 2125 in·

233 2163 314 2244 epia
344 2161 473 2228 victum
500 2160 702 2243 quaeritans,
730 2159 907 2240 ingenium
922 2159 1051 2241 potius
1078 2177 1182 2241 quam

233 2268 389 2325 ventrem
405 2260 505 2324 colui.
544 2253 709 2324 ¹Adultus
726 2259 836 2322 multa
850 2257 944 2324 illius
961 2264 1062 2321 terrae
1079 2258 1182 2322 mira-

234 2359 313 2423 cula
335 2360 443 2423 oculis
469 2353 598 2436 ²hausi,
621 2364 658 2422 et
680 2358 854 2421 memoriae
882 2357 1064 2422 mandavi:
1092 2357 1183 2422 inter

234 2479 313 2541 quae
330 2459 402 2522 vidi
423 2465 575 2522 montem
589 2456 812 2538 perforatum,
828 2457 920 2523 ultra
935 2475 1036 2538 quem
1054 2456 1181 2522 accolae

234 2560 278 2621 ab
304 2558 447 2639 antiquo
472 2557 692 2621 aestimabant
716 2556 896 2620 thesauros
909 2553 1106 2623 ¹Octaviani
1127 2576 1181 2619 re.-

233 2657 402 2722 conditos.
457 2657 672 2721 Ferebantur
693 2655 796 2721 etiam
822 2654 922 2718 multi
954 2673 1061 2718 eausa
1086 2673 1181 2718 scru-

229 2756 327 2820 tandi
351 2756 500 2838 ingressi
525 2776 587 2837 per
604 2754 792 2832 anfractus,
822 2761 857 2818 et
883 2759 1032 2818 semetra
1046 2753 1181 2820 viarum

233 2856 415 2938 intercepti
439 2854 581 2942 perisse.
633 2854 713 2931 Sed,
740 2854 822 2936 quia
843 2853 958 2920 nullus
984 2852 1054 2916 fere
1079 2853 1182 2918 timor

232 2956 352 3020 avidas
368 2961 500 3020 mentes
519 2955 563 3018 ab
585 2955 739 3036 incoepto
761 2959 913 3031 revocat,
936 2971 1001 3033 ego
1026 2971 1103 3019 cum
1125 2971 1181 3015 so-

230 3054 366 3134 dalibus
377 3055 474 3133 meis,
486 3055 569 3118 viris
583 3054 718 3120 circiter
729 3053 921 3129 duodecim,
930 3070 991 3116 seu
1002 3051 1182 3134 praedandi

231 3173 293 3220 seu
309 3155 449 3222 videndi
473 3154 600 3232 studio,
624 3153 709 3220 illud
732 3153 798 3215 iter
820 3152 1011 3217 meditabar
1024 3151 1179 3232 aggredi.

232 3253 358 3336 Itaque
382 3253 520 3318 Daedali
536 3255 646 3318 secuti
667 3252 855 3332 ingenium,
876 3252 936 3332 qui
952 3251 1124 3317 Theseum
1138 3250 1181 3313 de

231 3352 429 3438 labyrintho
445 3353 503 3415 filo
518 3351 640 3416 eduxit
650 3351 793 3433 praevio,
809 3369 872 3414 nos
893 3368 1029 3432 quoque
1044 3349 1180 3428 glomus

230 3451 354 3532 ingens
376 3457 555 3534 portantes
586 3449 755 3533 paxillum
781 3449 817 3510 in
841 3449 985 3511 introitu
1017 3446 1178 3510 fiximus:

230 3551 279 3615 ihi
292 3550 461 3632 principio
477 3548 527 3614 fili
539 3549 660 3630 ligato,
674 3547 827 3612 accensis
841 3546 984 3610 laternis
998 3565 1041 3608 ne
1055 3558 1182 3627 praeter

230 3649 332 3714 devia
347 3650 450 3713 etiam
470 3648 626 3714 caecitate
648 3647 902 3730 impediremur,
925 3645 1089 3711 devoluto
1105 3644 1180 3725 glo.-

232 3769 336 3826 mere,
370 3756 406 3817 et
431 3768 492 3830 per
515 3746 784 3829 unumquodque
819 3745 1016 3812 milliarium
1048 3743 1181 3825 paxillo

232 3849 405 3931 apposito,
436 3850 500 3911 sub
532 3866 680 3911 caverna
710 3845 838 3910 montis
874 3843 1181 3927 quomodocunque

230 3947 297 4011 iter
316 3955 471 4012 nostrum
498 3945 698 4010 direximus.
751 3943 855 4008 Caeca
878 3951 978 4006 erant
1003 3943 1129 4018 omnia,
1145 3949 1181 4004 et

270 4217 420 4290 ¹Adubua]
438 4221 472 4273 A.
492 4224 521 4271 G.
541 4223 575 4272 D.
594 4223 626 4272 Ε.
645 4221 694 4281 L.;
755 4216 881 4282 'Hausi.]
901 4219 929 4268 S.
943 4219 973 4268 G.
986 4217 1021 4268 D.
1034 4217 1066 4268 Ε.
1085 4216 1181 4275 L.;1i-

233 4293 336 4342 adultus
347 4296 441 4355 autem,
453 4293 482 4362 S.
719 4289 787 4351 havi,
798 4289 831 4337 A,
1008 4305 1010 4310 ·
1154 4301 1156 4305 ·
