3112 4968
190 478 261 526 um.
277 463 333 543 11.]
409 478 522 527 casm
550 478 677 526 nncuu
702 479 913 528 lucrorum.
1077 464 1143 529 349

191 644 347 700 oraretur
372 637 601 719 abepiscopo
627 636 694 700 nisi
719 636 816 718 prius
839 653 860 699 a
884 656 967 718 rege
994 637 1141 718 insigni·

191 743 288 799 retur
310 743 344 799 et
367 735 496 800 annulo
520 743 555 800 et
577 735 726 800 baculo:
756 743 890 812 contra,
917 736 1080 800 landatur
1105 738 1141 800 in

190 836 301 898 nostri
328 836 447 899 sacculi
474 835 695 918 pontificibus
720 836 813 917 quod
843 834 908 899 has
936 836 1142 900 donationes

191 935 344 998 tulerunt
361 935 585 1018 principibus
632 934 779 1000 Poterat
793 941 876 999 tunc
890 935 1144 1000 rationabiliter

190 1034 343 1111 concedi,
363 1035 455 1117 quod
481 1055 573 1098 nunc
588 1028 863 1099 ¹rationabiliter
880 1034 982 1098 debet
1003 1035 1141 1099 auferri.

190 1131 262 1196 Cur
288 1135 366 1196 ital
428 1133 521 1212 Quia
549 1141 624 1197 erat
655 1125 792 1198 animus
823 1133 946 1216 Magni
974 1136 1141 1199 adversus

189 1233 373 1296 avaritiam
395 1234 557 1311 invictus,
580 1253 644 1297 nec
669 1233 772 1298 facile
796 1233 985 1298 invenisset
1010 1235 1142 1298 aditum

188 1332 314 1414 aliquis
340 1333 406 1396 nisi
426 1334 590 1397 intrasset
616 1353 677 1415 per
700 1334 848 1414 ostium;
874 1340 1055 1416 praeterea,
1079 1355 1142 1416 per

148 1427 150 1431 ’
187 1437 241 1495 tot
265 1438 433 1496 terrarum
467 1433 659 1497 interstitia
686 1433 852 1516 nequibat
880 1434 1008 1516 requiri
1041 1434 1141 1498 sedes

187 1531 379 1613 apostolica
409 1540 449 1596 ut
477 1533 664 1614 unicnique
695 1534 805 1598 electo
836 1551 1015 1597 assensum
1046 1553 1139 1597 com-

186 1631 364 1695 mendaret
386 1651 499 1710 suum,
521 1632 603 1695 dum
626 1641 717 1698 esset
744 1653 851 1716 prope
878 1653 941 1696 rex
963 1633 1023 1715 qui
1052 1632 1139 1696 nibil

185 1749 248 1812 per
279 1732 462 1795 avaritiam
487 1732 696 1814 disponeret,
727 1732 787 1796 sed
816 1732 922 1816 juxta
951 1751 1051 1796 sacra
1070 1752 1137 1796 ca·

186 1849 313 1894 nonum
339 1832 428 1895 scita
450 1832 631 1914 religiosas
655 1851 824 1914 personas
848 1832 1002 1896 ecclesiis
1027 1831 1137 1897 intro·

185 1929 335 1994 duceret.
388 1930 492 1994 Nunc
519 1931 635 1995 omnia
663 1932 796 2014 palatia
822 1950 942 2013 regum
971 1931 1077 1995 luxus
1099 1940 1136 1997 et

184 2031 334 2093 ambitus
351 2031 535 2112 occupavit
551 2051 560 2110 ;
588 2049 694 2112 quare
715 2032 838 2096 merito
860 2031 1056 2095 libertatem
1075 2051 1136 2094 su·

185 2146 240 2192 am
266 2149 395 2212 sponsa
421 2129 550 2194 carlsti
572 2137 761 2207 asseverat,
777 2151 820 2194 ne
842 2130 938 2194 illam
963 2136 1132 2214 tyrannus

184 2230 367 2293 ambitioso
388 2230 586 2311 usurpatori
610 2229 809 2311 prostituat.
863 2229 921 2293 lta
944 2230 980 2292 in
1002 2237 1135 2294 utram-

183 2330 237 2391 vis
263 2336 397 2410 partem
421 2336 536 2411 potest
558 2349 663 2392 causa
686 2349 763 2392 mea
787 2329 952 2392 infirmari
969 2329 1025 2392 vel
1049 2328 1134 2392 alle-

184 2431 271 2511 gari.
325 2427 407 2492 Non
431 2436 485 2492 est
503 2427 664 2511 episcopi
689 2426 837 2492 officium
861 2435 900 2492 ut
925 2428 1001 2510 ipse
1020 2421 1133 2492 ²com-

184 2530 274 2594 mitti
292 2528 416 2611 jubeat
439 2527 617 2609 praelium3
642 2535 816 2605 caeterum,
835 2535 971 2610 spectat
987 2528 1031 2591 ad
1056 2549 1132 2592 mu·

183 2649 249 2692 nus
264 2628 417 2710 episcopi
431 2635 482 2704 ut,
496 2627 526 2690 si
537 2628 654 2691 videat
671 2627 872 2709 naufragari
885 2627 1133 2705 innocentiam,

185 2738 219 2794 et
246 2747 348 2792 mauu
378 2735 413 2791 et
439 2727 559 2808 lingua
590 2734 761 2790 occurrat.
813 2726 1018 2790 Sacerdotes
1045 2728 1132 2790 Eze-

184 2828 272 2892 chiel
296 2833 436 2890 accusat
451 2828 543 2908 quod
567 2847 636 2890 non
654 2826 814 2890 steterint
831 2847 875 2890 ex
895 2826 1054 2902 adverso,
1068 2847 1133 2891 nec

185 2921 438 3011 ³opposuerunt
463 2927 622 3011 clypeum
652 2946 714 3008 pro
739 2927 841 2990 domo
872 2926 984 2990 Israel
1011 2926 1048 2988 in
1077 2927 1132 2990 die

184 3027 338 3091 Domini.
391 3027 481 3090 Duae
505 3033 586 3090 sunt
607 3026 739 3090 scilicet
754 3045 911 3107 personae
929 3027 965 3088 in
986 3025 1133 3089 ecclesia

185 3128 253 3191 Dei
284 3127 327 3190 ad
358 3126 547 3190 resecanda
574 3126 661 3190 vitia
693 3126 914 3190 constitutae:
953 3145 1023 3189 una
1053 3145 1132 3208 quae

185 3233 334 3291 exacuat
365 3226 552 3309 eloquium,
583 3227 694 3290 altera
715 3245 794 3308 quae
823 3232 938 3307 portet
965 3225 1131 3307 gladium.

184 3327 272 3408 Ego,
284 3334 324 3389 ut
339 3345 402 3389 vos
416 3326 499 3388 mihi
514 3332 620 3388 testes
643 3345 719 3388 esse
736 3325 893 3407 potestiS,
910 3345 979 3388 non
992 3326 1132 3406 neglexi

184 3445 278 3488 meas
294 3432 429 3507 partes:
446 3423 561 3506 quoad
572 3424 713 3504 speravi
727 3423 904 3505 proficere,
919 3425 1050 3488 armavi
1065 3425 1131 3486 lin-

184 3544 309 3607 guam3
346 3523 443 3586 illum
474 3522 573 3606 cujus
601 3524 745 3586 interest
772 3542 844 3585 rem
871 3541 974 3604 agere
1005 3522 1133 3604 gladio,

182 3626 363 3688 certiorem
388 3623 453 3686 feci
480 3623 627 3700 nuncio;
657 3629 862 3703 occupatum
891 3640 930 3685 se
954 3622 1132 3703 rescripsit

182 3724 274 3788 bello
301 3723 584 3798 windelicorum,
614 3741 742 3803 rogans
775 3727 815 3784 ut
844 3721 930 3784 meis
957 3720 1133 3785 laboribus

183 3825 256 3888 suis
282 3823 444 3905 expensis
473 3842 542 3886 non
566 3840 730 3903 gravarer
754 3821 937 3884 deturbare
960 3821 1132 3885 latronum

219 4057 228 4088 ¹
247 4057 462 4119 Rutiouubilitcr.]
490 4056 519 4104 C.
540 4055 574 4104 D.
595 4057 643 4114 E.;
669 4054 807 4103 committet
829 4055 869 4102 vel
892 4055 1012 4103 committi
1030 4057 1131 4118 jubeat,

182 4128 355 4189 laudabiliter,
365 4126 400 4176 A.
412 4127 440 4175 S.
454 4127 484 4175 L.
668 4122 701 4173 A.
715 4124 743 4173 S.
756 4124 787 4172 L.

705 4191 918 4256 ’uppomrunrq
937 4193 965 4242 S.
986 4195 1035 4255 L.;
1052 4210 1132 4256 appo-

218 4265 479 4328 ’Committijubeut.]
503 4265 532 4314 C.
545 4264 580 4314 D.
592 4265 625 4313 E.
636 4280 643 4323 ;
669 4269 784 4326 suerunt,
796 4263 829 4313 A.
844 4266 873 4313 C.
886 4264 921 4313 D.
934 4263 966 4312 E.
