3112 4968
200 460 269 508 urs.
288 444 344 526 11.]
428 460 693 529 cusranncuu
718 461 929 510 ANGLORUM.
1089 445 1155 512 387

199 619 290 715 lilius
315 621 407 701 regis
425 618 582 703 jaculum
604 620 752 684 ferreum
779 621 815 684 in
839 640 918 684 eum
940 617 1073 682 eminus
1099 619 1152 684 vi·

200 719 301 797 brat3
325 713 411 801 1quo
425 719 495 796 ille,
519 721 599 783 dum
622 719 870 800 gloriabundus
895 719 1060 802 proludit,
1074 719 1152 800 ipsa

85 869 88 874 .
201 817 386 880 securitate
400 817 584 895 incautior,
604 811 810 894 terebratus
826 819 1007 882 victoriam
1024 815 1151 898 Anglis

201 917 383 980 concessit.
435 916 611 1003 Continuo
634 917 724 981 enim
749 919 857 981 libero
879 917 1029 980 transitu
1051 935 1152 979 exer·
1249 964 1267 997 s

202 1016 299 1078 citus·
315 1015 494 1098 trajectus,
513 1016 661 1080 Noricos
683 1016 842 1099 palantes
857 1035 878 1078 a
893 1023 991 1098 tergo
1015 1015 1150 1079 cecidit.

204 1113 284 1178 Rex
297 1113 483 1196 Harvagre
497 1121 532 1178 et
540 1114 707 1178 Tostinus
719 1117 930 1197 interempti,
942 1109 1050 1196 ²regis
1060 1114 1152 1177 filius

203 1232 281 1276 cum
307 1214 465 1276 omnibus
488 1215 634 1278 navibus
659 1214 798 1278 domum
823 1215 1009 1278 clementer
1032 1213 1152 1276 remis-

203 1330 274 1376 sus.
310 1311 502 1390 Haroldus,
519 1313 720 1396 triumphali
737 1320 865 1377 eventu
879 1314 1060 1396 superbus,
1076 1312 1153 1374 nul·
1165 1330 1268 1392 ratpot

202 1411 245 1474 lis
273 1412 431 1494 partibus
459 1412 588 1495 praedae
616 1412 867 1476 commilitones
890 1413 1054 1494 dignatus
1077 1417 1151 1475 est:
1165 1382 1276 1472 iiiiii·

204 1517 415 1592 quapropter
443 1511 556 1587 multi,
584 1530 653 1593 quo
680 1512 825 1594 quisque
853 1519 992 1593 poterat
1015 1510 1152 1591 dilapsi,

203 1628 321 1690 regem
336 1610 379 1673 ad
397 1610 525 1673 bellum
542 1609 781 1690 Hastingense
803 1610 1076 1692 proficiscentem
1094 1609 1154 1671 de-

204 1709 369 1788 stituere;
393 1727 485 1785 nam,
508 1715 636 1791 praeter
654 1705 896 1790 stipendiarios
919 1715 955 1772 et
977 1726 1153 1772 mercena·

204 1807 274 1870 rios
298 1807 439 1884 milites,
456 1826 586 1889 paucos
609 1807 794 1871 admodum
816 1827 861 1870 ex
882 1807 1152 1889 provincialibus

203 1904 336 1968 habuit.
389 1905 503 1982 Unde,
537 1902 616 1969 cu'm
649 1907 722 1969 suis
749 1925 836 1988 quos
867 1906 1043 1984 ductabat,
1073 1913 1153 1988 post

204 2023 329 2067 novem
343 2023 477 2068 menses
494 2011 529 2068 et
544 2005 678 2087 aliquot
693 2003 766 2068 dies
782 2004 915 2087 accepti
933 2005 1042 2086 regni,
1058 2010 1153 2067 astu-

205 2103 256 2165 tia
270 2101 438 2166 Willelmi
463 2103 728 2179 circumventus
753 2103 851 2166 fusus
875 2102 1154 2182 est31enivide·

205 2200 287 2264 licet
309 2200 391 2263 belli
413 2201 566 2282 negotio,
586 2201 648 2264 sed
669 2202 805 2265 occulto
831 2209 867 2265 et
891 2201 1061 2284 stupendo
1085 2202 1154 2266 Dei

205 2299 362 2375 consilio,
385 2301 478 2382 quod
499 2318 676 2381 nunquam
701 2307 824 2382 postea
848 2297 957 2381 Angli
980 2301 1154 2364 communi

206 2398 327 2479 praelio
341 2399 378 2461 in
390 2385 586 2462 libertatem
608 2397 835 2480 spiraverint3
860 2400 959 2481 quasi
976 2419 1055 2462 cum
1075 2398 1153 2462 Ha-

206 2496 304 2561 roldo
318 2516 419 2560 omne
440 2498 545 2561 robur
557 2497 723 2561 deciderit
735 2494 886 2578 Angliae,
902 2499 961 2579 qui
977 2504 1070 2562 certe
1090 2518 1153 2580 po·

206 2596 286 2673 tuit,
310 2602 346 2659 et
370 2595 500 2673 debuit,
513 2594 637 2682 (etiam
655 2616 718 2679 per
739 2591 994 2684 inertissimos)
1019 2597 1153 2686 solvere

206 2714 330 2776 poenas
350 2695 515 2777 perfidiae.
568 2694 656 2771 Nec,
680 2694 745 2759 hoc
770 2695 900 2772 dicens,
915 2696 1037 2760 virtuti
1059 2695 1152 2758 Nor-

206 2813 408 2857 mannorum
420 2795 570 2875 derog03
594 2793 731 2877 quibus,
746 2800 819 2857 tum
838 2813 902 2876 pro
925 2813 1061 2876 genere,
1079 2801 1152 2857 tum

206 2911 270 2974 pro
292 2892 479 2969 beneficiis,
505 2893 607 2956 fidem
631 2892 753 2956 habeo.
806 2892 873 2957 Sed
895 2892 979 2955 mihi
992 2892 1154 2956 videntur

206 3009 321 3054 errare
349 2991 409 3073 qui
430 2989 625 3072 Anglorum
657 3011 837 3055 numerum
867 2991 1086 3055 accumulant
1118 2999 1153 3054 et

206 3087 442 3154 fortitudinem
473 3097 688 3169 extenuant3
720 3092 772 3154 ita
803 3089 1037 3167 Normannos,
1070 3090 1153 3154 dum

205 3188 347 3252 laudare
360 3189 555 3265 intendunt,
571 3189 713 3252 infamia
729 3195 946 3270 respergunt.
998 3188 1153 3270 Insignis

206 3287 297 3348 enim
311 3285 414 3367 plane
429 3285 505 3349 laus
520 3287 634 3366 gentis
649 3288 898 3364 invictissimae,
911 3293 951 3350 ut
964 3286 1049 3349 illos
1060 3288 1151 3351 vice-

205 3385 251 3447 rit
266 3403 353 3465 quos
375 3383 558 3447 multitudo
583 3384 778 3466 impeditos
803 3385 946 3465 ignavia
966 3384 1086 3448 fecerit
1107 3386 1152 3448 ti-

207 3482 337 3559 midos3
362 3482 468 3546 immo
489 3502 572 3547 vero
594 3483 697 3565 pauci
720 3489 755 3546 et
777 3502 881 3546 manu
904 3483 1152 3565 promptissimi

205 3581 313 3658 suere,
344 3580 415 3663 qui,
443 3581 582 3646 caritati
604 3600 785 3664 corporum
810 3582 1062 3658 renunciantes,
1076 3602 1151 3663 -pro

205 3680 321 3778 patria
345 3681 477 3744 animas
500 3697 655 3762 posuere.
709 3679 789 3756 Sed,
807 3680 889 3762 quia
906 3680 981 3744 haec
1006 3679 1151 3762 diligen·

242 4044 664 4110 ¹Quc.]A.C.D.E.;quod,S.L.
690 4061 765 4112 pears
787 4051 813 4096 to
834 4047 900 4097 have
928 4051 992 4099 been
1024 4049 1152 4098 Edmnnd.

241 4113 440 4181 ‘liegisfiliusd
460 4117 511 4166 His
529 4131 602 4166 name
620 4131 666 4178 ap·
691 4116 765 4183 (Sax.
779 4115 886 4182 Chion.)
