3128 4976
389 511 458 576 ΞΜ
616 525 730 574 onsrr
751 515 881 573 nneutr
904 525 1119 574 aueuouou.
1201 512 1286 593 [ure.
1303 529 1343 574 11.

394 682 539 764 refugio.
593 683 674 746 Rex
699 682 833 746 interea
860 688 1034 759 strenuus,
1064 688 1099 746 et
1126 680 1270 764 pulchre
1295 681 1340 745 ad

395 781 632 845 dormiendum
661 781 786 858 factus
820 788 919 845 tanta
950 781 1091 862 negotia
1117 789 1342 863 postponenS,

397 881 587 960 oscitabat;
610 888 646 944 et
662 881 693 943 si
714 880 851 962 quando
875 879 1068 962 resipuerat
1090 888 1131 945 ut
1147 881 1204 944 vel
1223 881 1341 943 cubito

397 998 434 1042 se
451 978 638 1055 attolleret,
660 979 853 1055 confestim,
866 978 924 1042 vel
939 986 1108 1059 gravante
1120 978 1263 1055 desidia,
1286 979 1343 1043 vel

397 1077 603 1142 adversante
616 1078 766 1154 fortuna,
785 1078 821 1140 in
838 1077 992 1141 miserias
1008 1077 1192 1142 recidebat.
1246 1078 1341 1142 Exa-

397 1177 558 1257 gitabant
576 1176 674 1239 illum
700 1177 830 1240 umbrae
848 1176 1024 1253 fraternae,
1046 1177 1139 1240 diras
1162 1177 1342 1257 exigentes

397 1275 549 1342 inferias.
602 1273 691 1352 Quis
707 1276 818 1358 possit
833 1294 1033 1339 enumerare
1055 1276 1216 1357 quotiens
1242 1293 1342 1337 exar-

398 1373 505 1435 citum
531 1373 818 1454 congregaverit?
842 1367 1019 1455 ¹qu0tiens
1042 1392 1150 1438 naves
1177 1372 1340 1436 fabricari

393 1471 563 1555 jusseritl
586 1473 747 1554 quotiens
768 1472 874 1535 duces
891 1471 1118 1554 undecunque
1132 1473 1342 1548 evocaverit,

398 1577 434 1634 et
457 1570 543 1634 nihil
562 1589 715 1653 unquam
738 1570 860 1634 horum
882 1572 1133 1653 processeritl'
1166 1570 1261 1634 Nam
1280 1589 1341 1633 ex-

397 1671 526 1734 arcitus
555 1670 712 1753 principe
737 1689 871 1745 carens,
900 1676 936 1733 et
964 1671 1154 1753 disciplinae
1183 1668 1342 1733 militaris

397 1769 552 1848 ignarus
568 1775 630 1830 aut
646 1776 728 1832 ante
743 1767 1019 1848 congressionem
1034 1767 1262 1845 dilabebatur,
1280 1775 1342 1831 aut

397 1866 435 1928 in
456 1867 534 1948 ipso
558 1865 721 1929 conflictu
743 1865 843 1928 facile
865 1866 1020 1930 cedebat.
1065 1866 1172 1929 Valet
1193 1867 1342 1930 multum

397 1960 550 2027 inbellis
572 1963 669 2027 ducis
692 1965 889 2046 praesentia,
911 1965 1006 2028 valet
1027 1971 1186 2046 spectata
1203 1965 1240 2027 in
1261 1964 1341 2028 tali-

398 2064 463 2125 bus
490 2063 648 2139 audacia,
676 2063 770 2127 valet
792 2082 877 2125 usus
905 2069 940 2126 et
965 2065 1114 2126 maxime
1137 2063 1343 2145 disciplina;

398 2162 535 2243 quibus,
558 2167 598 2224 ut
620 2161 706 2237 dixi,
722 2180 843 2224 carens
866 2162 1051 2238 exercitus,
1073 2161 1342 2243 provincialibus

397 2259 654 2342 irrecuperabili
679 2259 870 2341 dispendio,
892 2259 1050 2324 hostibus
1069 2259 1255 2323 miserabili
1269 2267 1345 2324 erat

397 2359 557 2422 ludibrio.
609 2359 674 2421 Est
689 2358 774 2421 illud
798 2358 973 2422 hominum
995 2377 1116 2439 genuS,
1139 2359 1169 2420 si
1191 2378 1261 2422 non
1286 2378 1343 2422 co·
1438 2373 1443 2381 ·
1553 2347 1554 2356 ’

399 2464 558 2520 erceatnr
576 2463 657 2520 ante
681 2457 821 2533 bellum,
845 2458 882 2519 in
909 2457 1047 2539 rapinas
1071 2464 1290 2540 promptum3
1314 2457 1344 2519 si

398 2575 469 2619 non
486 2555 657 2619 animetur
671 2555 707 2618 in
720 2556 825 2632 bello,
840 2555 885 2619 ad
895 2555 1014 2638 fugam
1025 2576 1192 2638 pronum..
1222 2555 1342 2620 Nares

396 2655 443 2724 ,ad
457 2653 638 2718 tutandam
661 2673 757 2718 oram
772 2655 980 2718 maritimam
995 2655 1192 2731 fabricatas,
1216 2655 1344 2717 cumin

399 2753 558 2816 anchoris
578 2753 827 2830 constitissent,
851 2762 992 2836 repente
1014 2760 1134 2818 coorta
1155 2759 1344 2834 tempestas

400 2852 577 2932 corripuit,
592 2859 627 2915 et
641 2851 780 2915 colhsas
794 2852 886 2915 inter
898 2871 935 2916 so
950 2852 1103 2934 disjectis
1123 2851 1344 2917 armamentis

400 2949 540 3013 inutiles
562 2949 719 3027 reddidit.
773 2950 913 3027 Paucae,
936 2951 978 3013 de
992 2951 1146 3033 reliquiis
1158 2951 1344 3014 multarum

400 3047 514 3123 factae,
536 3048 667 3129 impetu
689 3047 868 3132 cujusdam
883 3049 1061 3126 Wulnodi,
1084 3069 1186 3131 quern
1200 3069 1263 3112 rex
1282 3069 1348 3131 err-¹

401 3145 554 3225 legatum
577 3147 738 3229 ejecerat,
762 3147 949 3210 submersae
972 3146 1029 3210 vel
1053 3147 1216 3225 incensae,
1248 3166 1344 3229 spem

401 3243 510 3307 totius
533 3242 672 3326 Angliae
693 3243 908 3309 fefellerunt:
953 3245 1070 3308 Duces
1096 3246 1126 3308 si
1148 3244 1285 3328 quando
1299 3245 1344 3308 ad
1372 3323 1374 3326 v

402 3343 584 3406 concilium
606 3342 858 3420 convenissent,
873 3363 954 3426 pars
976 3344 1053 3421 hoc,
1076 3363 1157 3426 pars
1181 3344 1267 3407 illud
1283 3345 1345 3407 eli-

403 3461 504 3522 gere3
532 3442 606 3520 vix,
630 3449 692 3505 aut
713 3461 900 3523 nunquam,
926 3443 963 3505 in
986 3443 1111 3507 bonam
1139 3443 1344 3507 sententiam

402 3541 597 3604 convenire.
650 3541 767 3622 Magis
783 3542 873 3604 enim
889 3541 932 3605 de
955 3542 1188 3606 simultatibus
1210 3541 1346 3624 domes-

403 3639 481 3702 ticis
506 3659 611 3722 quam
635 3638 678 3702 de
701 3640 848 3721 publicis
872 3641 1137 3704 necessitatibus
1169 3641 1345 3704 consulta·

402 3740 496 3801 bant.
548 3738 572 3802 J
575 3745 630 3800 am
645 3739 772 3802 verosi
794 3739 887 3821 quid,
905 3746 1050 3821 urgente
1073 3740 1238 3821 periculo,
1261 3739 1346 3803 utile

403 3843 439 3898 et
464 3855 629 3900 arcanum
652 3837 896 3915 decrevissent,
927 3839 1046 3902 statim
1072 3837 1116 3901 ad
1143 3839 1264 3902 Danas
1286 3857 1348 3922 per

403 3935 596 4017 proditores
622 3935 857 4000 deferebatur:
899 3955 980 4000 narn
1011 3943 1139 4021 praeter
1171 3937 1349 4014 Elfricum,

404 4034 536 4112 Elferii,
560 4035 619 4116 qui
643 4037 853 4117 superiorem
872 4056 987 4117 regem
1010 4036 1195 4113 occiderat,
1213 4054 1351 4099 succes-

419 4281 426 4309 ¹
443 4283 560 4337 Quotiens
570 4277 900 4351 accessrbrioorijusrerit.]
918 4285 947 4335 S.
961 4287 991 4335 C.
1003 4287 1038 4334 D.
1051 4286 1098 4345 E.;
1110 4284 1214 4334 omitted
1225 4286 1251 4332 in
1259 4283 1292 4333 A.
1300 4284 1331 4334 L.
