3112 4968
360 445 426 510 338
599 455 713 505 onera
736 456 863 505 rreum
887 454 1099 504 succensu.
1173 441 1258 522 [mn.
1275 456 1315 503 ιι.

364 617 447 692 sior,
472 621 513 679 ut
529 619 711 696 magnates
732 612 827 676 illius
852 611 988 675 castelli
1009 612 1135 676 blande
1159 613 1196 677 in
1219 613 1316 677 curia

365 715 458 798 regis
485 714 528 779 de
552 714 720 778 seditione
746 711 1031 776 convenirentur:
1056 713 1086 775 si
1113 731 1150 776 se
1172 719 1316 796 possent

368 816 593 898 explacitare,
608 814 710 877 illaesi
727 812 883 890 abirent;
907 811 937 873 si
959 811 1155 894 nequirent,
1171 813 1317 895 pecunia

368 917 425 981 vel
447 933 630 997 corporum
652 931 793 976 suorum
816 910 1009 992 dispendio,
1031 912 1106 993 regi
1132 913 1232 996 cujus
1255 931 1317 994 pa-

370 1034 444 1079 cem
465 1013 691 1094 infregerant,
714 1019 749 1074 et
770 1011 888 1074 comiti
903 1029 1007 1091 quem
1024 1011 1199 1088 laeserant,
1215 1013 1318 1076 satis·

370 1114 543 1178 iacerent:
567 1111 726 1194 iniquum
740 1110 850 1174 videri
870 1115 909 1172 ut
934 1129 1022 1190 quos
1045 1113 1153 1175 tutari
1180 1112 1317 1188 debeas»,

373 1205 1143 1295 eosipse¹potissimuminauditosadjudices.
1168 1211 1319 1275 Itatunc

373 1313 576 1388 discessum,
591 1309 763 1374 Godwino
785 1309 886 1390 parvi
908 1310 1081 1390 pendente
1106 1312 1199 1392 regis
1224 1311 1318 1373 furo-

374 1431 447 1476 rem
462 1411 562 1494 quasi
578 1417 867 1474 momentaneum.
915 1407 1089 1486 Quocirca
1103 1412 1211 1475 totius
1222 1408 1320 1492 regni
1387 1404 1389 1410 '

375 1529 535 1594 proceres
544 1510 636 1594 jussi
645 1509 883 1573 Gloecestram
894 1509 1090 1587 convenire,
1106 1517 1146 1574 ut
1162 1511 1210 1574 ibi
1224 1529 1321 1590 mag-

377 1631 423 1674 no
434 1617 609 1674 conventu
623 1629 678 1672 res
689 1608 926 1672 ventilaretur.
957 1607 1139 1673 Venerunt
1151 1603 1206 1674 ²eo
1215 1611 1320 1673 etiam

379 1708 667 1773 Northanbimbri
684 1707 826 1771 comites
841 1714 925 1770 tunc
936 1707 1168 1786 famosissimi,
1184 1709 1322 1792 Sywar·

378 1810 443 1873 dus
471 1817 506 1872 et
523 1807 714 1883 LeosricuS,
731 1808 912 1888 omnisque
928 1804 1124 1889 Anglorum
1146 1809 1321 1874 nobilitas.

379 1908 453 1971 Soli
472 1907 664 1971 Godwinus
681 1906 824 1991 ejusque
839 1906 913 1982 filii,
928 1906 989 1988 qui
1005 1926 1043 1971 se
1061 1915 1241 1991 suspectos
1256 1909 1323 1972 sci-

379 2015 469 2084 rent,
486 2009 560 2070 sine
577 2005 738 2088 praesidio
759 2025 932 2068 armorum
947 2008 1154 2072 veniendum
1177 2029 1248 2072 non
1270 2027 1326 2070 ar-

379 2108 511 2184 bitrati,
528 2126 606 2170 cum
620 2125 725 2169 manu
737 2105 854 2168 valida
870 2105 1083 2171 Beverstane
1103 2109 1326 2186 restiterunt3

382 2206 509 2270 lamam
529 2213 683 2270 serentes
708 2207 744 2268 in
759 2205 898 2286 vulgus,
922 2205 1012 2286 quod
1038 2206 1116 2270 ideo
1137 2209 1327 2272 exercitum

384 2306 596 2370 adunassent
618 2311 657 2368 ut
679 2303 863 2369 Walenses
886 2314 1153 2387 compescerent,
1180 2309 1252 2390 qui,
1274 2315 1330 2389 ty-

384 2405 564 2468 rannidem
580 2405 617 2467 in
632 2423 749 2486 regem
764 2401 983 2480 meditantes
999 2407 1164 2489 oppidum
1179 2407 1216 2469 in
1238 2427 1330 2490 pago

294 2549 297 2557 ·
388 2504 638 2568 Heresordensi
662 2504 941 2580 obfirmaverant,
971 2506 1031 2568 ubi
1061 2513 1144 2570 tunc
1173 2506 1332 2584 SwanuS,

381 2609 477 2668 'unus
500 2624 545 2668 ex
570 2604 650 2668 filiis
665 2602 840 2681 Godwini,
855 2603 988 2667 militiae
1011 2606 1248 2686 praetendebat
1270 2627 1331 2669 ex-

388 2706 519 2768 cubiae.
570 2702 639 2767 Sed
660 2702 843 2767 Walenses
862 2702 937 2786 jam
964 2703 1175 2768 audientiam
1199 2725 1333 2787 praeve-

389 2810 525 2879 nerant,
543 2809 578 2866 et
594 2801 859 2884 conspirationis
878 2801 1059 2868 accusatos
1078 2805 1208 2868 invisos
1227 2808 1333 2869 curiae

390 2904 457 2967 toti
481 2903 646 2979 fecerant,
669 2903 756 2965 adeo
778 2909 818 2965 ut
847 2921 966 2966 rumor
996 2911 1219 2985 spargeretur
1241 2904 1334 2988 quod

389 3002 425 3064 in
453 3001 573 3064 eedem
602 3002 679 3064 loco
708 3001 824 3082 regius
849 3003 1023 3066 exercitus
1048 3022 1107 3066 eos
1132 3005 1332 3070 adoriretur.

391 3099 472 3178 Quo
487 3108 642 3182 accepte,
660 3099 852 3164 Godwinus
869 3101 913 3164 ad
936 3102 1136 3186 conjuratos
1153 3104 1336 3168 classicum

390 3199 516 3263 cecinit
530 3207 569 3264 ut
584 3200 676 3265 ultro
692 3200 830 3263 domino
843 3202 918 3282 regi
933 3221 1002 3265 non
1017 3203 1217 3268 resisterent
1230 3226 1239 3284 ;
1263 3204 1337 3282 sed,

391 3300 421 3362 si
446 3300 608 3364 conventi
629 3299 789 3376 fuissent,
819 3301 902 3382 quin
928 3321 967 3364 se
988 3302 1236 3368 ulciscerentur
1259 3305 1336 3368 loco

392 3419 462 3462 non
492 3400 664 3464 cederent.
726 3399 773 3462 Et
800 3400 956 3481 prolecto
983 3400 1116 3465 facinus
1142 3404 1338 3469 miserabile

393 3506 428 3563 et
443 3499 627 3582 plusquam
644 3499 744 3564 civile
765 3499 894 3562 bellum
910 3499 1045 3578 fuisset,
1060 3503 1126 3565 nisi
1147 3506 1338 3569 maturiora

392 3599 537 3662 consilia
583 3599 869 3663 intercessissent.
939 3599 998 3663 lta
1035 3604 1340 3686 quantulacunque

394 3698 579 3762 concordia
607 3698 743 3762 interim
772 3697 871 3776 inita,
901 3698 1026 3762 iterum
1054 3711 1265 3784 praeceptum
1301 3711 1342 3768 ut

396 3797 612 3861 Londoniam
630 3798 812 3861 concilium
829 3806 1118 3880 congregaretnr3
1142 3803 1343 3867 mandatum

393 3896 521 3962 Swano
544 3898 617 3961 filio
636 3896 800 3962 Godwini
814 3904 854 3961 ut
870 3898 955 3980 fuga
976 3918 1041 3962 sna
1060 3901 1152 3982 regis
1175 3903 1261 3966 iram
1280 3904 1343 3966 mi-

430 4167 640 4233 meinamma]
653 4169 685 4220 A.
697 4171 726 4220 S.
738 4172 767 4220 G.
777 4170 811 4220 D.
819 4171 865 4231 L.;
925 4167 936 4197 ²
954 4172 993 4219 Eo
1011 4165 1113 4238 etiam]
1143 4172 1173 4221 S.
1191 4172 1226 4220 D.
1246 4173 1279 4221 E.
1298 4174 1350 4235 L.;

395 4239 499 4286 omitted
511 4240 536 4286 in
549 4241 580 4288 E.
890 4241 965 4289 etiam
976 4242 1022 4304 ibi,
1035 4244 1064 4291 C.
1075 4258 1081 4302 ;
1099 4257 1159 4303 ergo
1169 4257 1199 4290 eo
1210 4243 1296 4305 etiam,
1306 4242 1340 4294 A.
