3112 4968
179 507 253 562 urs.
271 491 328 572 11.]
398 506 529 554 ‘onsrn
553 507 680 554 rocon
704 507 919 554 ruononoru.
1069 492 1136 568 299

185 662 236 729 At
252 663 399 728 Edricus
414 683 484 728 non
499 663 593 728 ultra
610 662 895 728 dissimulandum
918 669 1027 740 ratuS,
1051 665 1134 746 quin

185 770 280 828 artes
306 781 388 826 suas
413 769 535 844 aperta
556 761 669 828 fronte
690 761 850 838 nudaret,
872 761 916 825 ad
939 761 1135 827 Gnntonem

186 882 265 926 cum
292 862 524 943 qnadraginta
549 861 695 925 navibus
720 860 864 925 defecit:
898 861 1009 924 omnis
1031 855 1134 944 ¹quo-

184 961 548 1045 *queWestSaxonia
564 961 655 1024 datis
671 959 848 1024 obsidibus
862 967 898 1024 et
915 960 1031 1037 armis,
1043 960 1134 1023 idem

187 1059 280 1124 lecit.
334 1059 458 1123 Mercii
471 1078 566 1136 vero,
583 1053 837 1141 ²saepenumero
860 1060 1074 1141 congregati,
1097 1077 1135 1123 se
1180 1097 1182 1102 ·

184 1159 230 1222 ad
252 1158 480 1223 resistendum
497 1158 705 1223 offerebant:
728 1159 863 1223 veniret
886 1158 988 1222 modo
1009 1178 1084 1235 rex,
1101 1165 1136 1222 et

187 1277 256 1341 quo
272 1256 560 1341 progrediendum
584 1264 677 1321 esset
694 1258 909 1340 praeciperet,
925 1257 1066 1338 duceret
1082 1276 1136 1320 se-

183 1376 266 1420 cum
288 1376 447 1439 proceres
464 1356 667 1433 Londoniae,
683 1364 825 1439 paratos
843 1375 918 1420 esse
932 1357 1136 1437 sanguinem

188 1475 289 1519 suum
319 1455 444 1538 patriae
475 1455 684 1538 impendere.
737 1455 803 1518 Ille
834 1455 957 1519 solitus
989 1455 1136 1522 salutem

189 1574 288 1618 suam
310 1555 417 1617 muris
445 1555 670 1632 committere,
696 1555 824 1618 nonin
849 1554 984 1618 hostem
1012 1574 1136 1618 excur-

189 1673 276 1737 rere,
305 1653 494 1717 Londoniae
520 1654 668 1736 degebat
698 1660 840 1736 propter
869 1652 1075 1736 proditores,
1097 1661 1137 1718 ut

188 1754 316 1831 aiebat,
338 1772 509 1835 nusquam
531 1752 732 1836 procedens.
784 1749 886 1816 Alter
900 1752 1034 1815 interea
1056 1769 1136 1834 parv

190 1854 283 1917 tibus
312 1851 384 1915 suis
409 1853 512 1915 urbes
538 1858 574 1915 et
594 1853 690 1916 vicos
715 1850 902 1932 applicare,
928 1850 1024 1914 nullo
1049 1857 1136 1914 tem-

189 1970 272 2033 pore
286 1950 414 2028 feriari,
427 1951 586 2017 noctibus
601 1950 815 2026 consultare,
831 1950 952 2013 diebus
968 1969 1135 2031 pugnare.

190 2050 405 2127 Edmundus,
431 2049 490 2114 diu
515 2049 704 2113 deliberato
730 2049 875 2113 consilio
899 2049 937 2111 in
963 2054 1064 2112 tanta
1085 2069 1139 2111 re·

190 2168 267 2212 rum
283 2149 458 2229 angustia,
475 2149 643 2230 optimum
666 2147 763 2211 factu
784 2148 972 2213 arbitratus
989 2148 1019 2210 si
1035 2149 1137 2211 urbes

190 2267 269 2330 quae
294 2246 493 2310 defecerant
514 2245 701 2328 pugnando
729 2246 907 2326 reciperet,
929 2246 966 2308 in
992 2244 1137 2308 eundern

191 2362 331 2410 sensnm
357 2343 563 2422 Uhtredum,
595 2344 768 2428 quendam
794 2343 1138 2409 Transhumbranum

186 2446 363 2521 comitem,
399 2443 564 2523 adduxit;
601 2449 746 2506 caeteras
762 2503 765 2508 ,
779 2443 881 2520 enim,
915 2462 993 2525 quae
1025 2442 1138 2510 adbuc

192 2544 297 2608 dubio
317 2542 436 2607 favore
458 2543 665 2624 pendebant,
689 2540 943 2606 confirmandas
968 2543 1140 2623 putabant

144 2667 151 2674 ²
193 2644 223 2706 si
239 2642 283 2707 de
299 2641 544 2706 rebellantibus
562 2659 686 2723 graves
703 2659 826 2723 poenas
840 2648 1026 2704 sumerent.
1072 2640 1140 2704 Sed

133 2745 136 2750 '
194 2741 323 2819 Gnuto,
350 2760 419 2804 non
449 2741 572 2804 minori
596 2739 763 2822 praeditus
789 2739 931 2817 astutia,
954 2739 1058 2802 simili
1081 2760 1140 2804 eos

192 2841 332 2923 ingenio
364 2839 608 2918 circumvenit3
640 2857 721 2902 nam
751 2838 998 2902 commendatis
1021 2838 1140 2903 West-

194 2940 404 3016 Saxonibus,
419 2946 455 3003 et
472 2938 682 3013 Marciorum
698 2944 798 3020 parte
815 2956 919 3021 quam
933 2937 1140 3021 subjecerat,

194 3040 339 3103 ducibus
362 3039 447 3117 suis,
461 3039 548 3120 ipse,
568 3039 605 3101 in
620 3036 935 3101 Northanbimbros
952 3036 1140 3119 profectus,

193 3138 460 3221 depopulatione
480 3138 635 3202 locorum
653 3136 847 3200 Uhtredum
871 3137 916 3200 ad
937 3155 1002 3200 sua
1022 3136 1140 3200 defen-

194 3238 304 3302 sanda
332 3237 443 3301 redire
468 3237 594 3318 coegit.
647 3236 785 3318 Itaque,
810 3237 893 3301 licet
914 3255 953 3300 se
978 3235 1141 3313 dedisset,

193 3337 375 3400 barbarica
403 3335 547 3400 levitate
569 3335 691 3418 jussus
724 3342 777 3398 est
804 3335 972 3418 jugulari.
1024 3333 1141 3406 Comi-

194 3442 289 3498 tatus
303 3435 381 3517 ejus
396 3433 499 3497 datus
515 3434 641 3513 Irici03
664 3453 765 3514 quem
781 3440 914 3513 postea,
936 3451 1054 3515 aequas
1076 3434 1143 3496 sibi

194 3541 311 3616 partes
328 3532 586 3608 vendicantem,
613 3531 729 3610 §nuto
760 3532 804 3594 ab
830 3529 963 3612 Angli'a
995 3531 1141 3612 expulit.
1265 3579 1266 3582 η

197 3633 256 3697 Ita
281 3632 446 3715 subjectis
469 3632 639 3708 omnibus,
656 3629 887 3707 Edmundum,
902 3650 965 3712 per
993 3637 1143 3693 semetra

194 3731 415 3814 fugitantem,
447 3750 519 3794 non
548 3730 644 3813 prius
682 3730 843 3812 persequi
872 3730 1007 3793 destitit
1039 3735 1142 3812 quam

197 3830 413 3895 Londoniam
443 3830 487 3894 ad
516 3837 651 3912 patrem
678 3829 877 3911 pervenisse
905 3822 1142 3911 cognosceret.

195 3931 296 3994 Tunc
321 3949 431 4013 usque
453 3936 534 4012 post
549 3927 689 3992 Pascha
709 3928 853 4010 quievit,
876 3935 917 3992 ut
938 3948 1015 3992 cum
1034 3924 1143 3992 omni-

231 4195 375 4261 Quoque}
398 4197 431 4246 A.
452 4197 480 4246 S.
501 4197 535 4246 D.
555 4197 586 4246 E.
608 4196 655 4244 L.:
720 4190 1144 4258 ²Saepenumer0.]a.0.1>.u.u.·,

195 4270 300 4330 quippe,
316 4271 346 4317 C.
685 4279 787 4313 numero
798 4269 823 4312 et
834 4279 889 4326 spe,
901 4265 930 4314 S.
