3106 4974
371 482 415 546 52
595 497 709 546 assui
733 497 859 545 nneuu
883 495 1094 544 huononuu.
1198 481 1283 562 [mn.
1299 498 1323 544 1:

372 656 426 720 sni
449 656 487 720 in
508 657 620 720 sinum
644 665 680 721 et
702 656 949 740 protectionem
971 655 1141 718 Romanae
1157 653 1323 729 ecclesiae,

372 777 494 839 meque
506 757 587 820 licet
600 757 780 838 indignum
802 776 880 820 cum
902 755 979 838 ipsa
1000 753 1221 835 suscipiente,
1240 772 1323 818 con·

372 858 600 920 sentientibus
626 857 731 920 etiam
761 857 919 920 omnibus
949 853 1141 918 Britanniae
1171 853 1322 934 regibus,

374 955 652 1040 archiepiscopis,
675 957 857 1040 episcopis,
872 955 1028 1031 ducibus,
1055 960 1160 1034 atque
1188 953 1323 1016 abbati-

373 1056 449 1132 buS,
465 1064 581 1120 statuo
598 1076 664 1137 ego
686 1063 791 1138 atque
813 1055 990 1131 confirmo,
1017 1054 1181 1135 quatinus
1203 1071 1322 1116 omnes

373 1161 474 1219 terrae
490 1163 525 1219 et
542 1156 620 1219 loca
641 1163 677 1220 et
695 1156 930 1239 possessiones
950 1156 1061 1218 beatae
1079 1152 1202 1216 Mariae
1217 1151 1322 1216 Glae-

373 1255 441 1317 teie
456 1255 526 1318 sint
540 1254 670 1336 quieta,
684 1262 720 1319 et
734 1257 778 1318 ab
793 1255 951 1319 omnibus
966 1252 1070 1334 regiis
1084 1252 1325 1316 exactionibus

373 1361 409 1417 et
431 1355 591 1436 operibus
614 1374 693 1436 quae
715 1355 820 1418 indici
842 1355 967 1430 solent,
991 1352 1161 1428 videlicet,
1181 1351 1323 1434 expedi·

373 1453 479 1530 tione,
515 1461 551 1518 et
586 1454 703 1535 pontis
742 1453 875 1518 arcisve
911 1451 1178 1528 constructione,
1207 1458 1243 1514 et
1277 1452 1323 1515 ab

373 1553 525 1616 omnium
555 1553 888 1636 archiepiscoporum
912 1559 947 1616 et
976 1552 1215 1635 episcoporum
1243 1569 1324 1632 pro-

373 1653 643 1734 mulgationibus
665 1659 700 1716 et
722 1652 1051 1735 perturbationibus,
1066 1651 1155 1715 sicut
1173 1649 1210 1713 in
1233 1650 1324 1714 anti·

374 1751 451 1833 quis
480 1751 634 1834 ejusdem
663 1751 818 1816 ecclesiae
847 1752 952 1818 cartis
980 1751 1218 1816 confirmatum
1248 1769 1324 1813 esse

374 1851 561 1928 invenitur,
589 1858 624 1915 et
652 1871 674 1915 a
714 1852 1024 1935 praedecessoribus
1067 1849 1153 1913 meis
1190 1848 1323 1913 Chane-

373 1950 532 2027 walchio‚
546 1949 761 2030 chentwino,
777 1949 988 2029 chedwalla,
1004 1950 1169 2014 Baltredo
1191 1949 1325 2032 astipu-

372 2049 482 2113 latum
496 2051 788 2129 esse‘dinoscitur‚
810 2053 1015 2116 inconcussa
1035 2058 1070 2114 et
1091 2050 1225 2114 illibata
1245 2069 1326 2132 per*

373 2156 545 2214 maneant.
603 2151 650 2214 Et
676 2171 889 2235 quaecunque
914 2151 1115 2216 emerserint
1137 2168 1264 2227 causae,
1286 2150 1322 2213 in

373 2249 577 2327 homicidiis
601 2252 801 2334 sacrilegiis,
827 2251 1014 2328 veneficiis
1038 2249 1151 2327 furtiS,
1180 2248 1322 2331 rapinis

374 2348 411 2410 in
441 2349 665 2432 dispositione
698 2350 920 2416 ecclesiarum
953 2359 988 2415 et
1015 2349 1257 2432 descriptione,
1287 2348 1323 2410 in

375 2447 591 2513 ordinatione
620 2450 833 2529 clericorum,
862 2450 898 2513 in
935 2449 1184 2516 conventiculis
1217 2468 1321 2531 syno-

374 2546 521 2625 dalibus,
544 2555 580 2612 et
605 2549 640 2613 in
661 2552 820 2614 omnibus
842 2551 1035 2635 judiciariis
1058 2549 1327 2612 examinationi·

375 2648 451 2726 bus,
475 2650 604 2730 absque
624 2651 727 2715 ullius
743 2651 890 2714 hominis
909 2649 1123 2734 praejudicio,
1138 2649 1274 2712 abbatis
1288 2656 1323 2712 et

374 2756 566 2812 conventus
587 2749 812 2832 dispositione
832 2751 1008 2814 finiantur.
1069 2749 1136 2812 Sed
1160 2756 1196 2812 et
1215 2749 1324 2812 omni-

375 2847 440 2909 bus
462 2848 560 2928 regni
582 2850 649 2911 mei
667 2849 818 2932 regibuS,
841 2849 1119 2933 archiepiscopis,
1144 2848 1326 2931 episcopiS,

374 2943 530 3023 ducibus,
553 2954 588 3010 et
610 2949 833 3031 principibus
854 2969 959 3032 super
982 2950 1145 3012 honorem
1168 2967 1269 3010 suum
1292 2955 1328 3012 et

376 3061 526 3107 amorem
544 3065 658 3109 meum
681 3049 855 3131 praecipio,
885 3057 920 3113 et
947 3049 1116 3124 omnibus
1146 3054 1218 3111 tam
1241 3047 1326 3111 meis

376 3162 481 3224 qnam
508 3164 626 3208 eorum
654 3147 832 3226 ministris
859 3168 965 3232 super
992 3149 1138 3212 salutem
1173 3146 1326 3229 corporis

376 3243 431 3304 sui
459 3245 635 3327 praecipio,
662 3267 705 3310 ne
734 3249 825 3312 ullus
855 3268 973 3316 eorum
1004 3248 1152 3312 insulam
1185 3245 1328 3310 Domini

377 3342 487 3406 nostri
501 3343 524 3407 J
527 3363 587 3407 esu
611 3345 752 3426 Christi,
775 3355 811 3412 et
834 3355 1010 3430 perpetuae
1034 3347 1178 3430 virginis
1202 3346 1326 3410 Mariae

377 3440 545 3521 Glasteia,
584 3465 648 3509 nec
692 3448 846 3530 ejusdem
884 3448 1039 3512 ecclesiae
1080 3446 1327 3530 possessiones,

376 3561 483 3606 causa
526 3545 728 3626 placitandi,
772 3547 1022 3631 perscrutandi,
1065 3546 1232 3629 rapiendi,
1271 3547 1328 3609 vel

376 3641 506 3722 aliquid
532 3644 679 3708 faciendi
707 3648 799 3728 quod
827 3647 952 3711 ibidem
979 3647 1056 3711 Deo
1081 3645 1328 3709 famulantibus

376 3740 488 3820 possit
508 3760 583 3805 esse
604 3743 641 3806 in
654 3747 875 3824 scandalum,
899 3746 1027 3810 audeat
1047 3747 1188 3810 intrare.
1236 3744 1328 3808 Illud

377 3856 462 3902 sane
476 3841 721 3924 omnipotentis
736 3846 803 3909 Dei
823 3854 858 3910 et
878 3853 1054 3929 perpetuae
1077 3845 1221 3926 virginis
1248 3845 1327 3908 Ma-

378 3938 450 4017 riae,
473 3946 509 4003 et
530 3942 709 4007 beatorum
731 3945 965 4029 apostolorum
987 3944 1085 4009 Petri
1106 3951 1142 4008 et
1157 3944 1271 4020 Pauli,
1294 3952 1329 4008 et

377 4040 529 4103 omnium
554 4051 750 4108 sanctorum
771 4045 1010 4110 interdictione
1032 4044 1209 4127 prohibeo,
1232 4065 1275 4108 ne
1291 4044 1329 4108 in

377 4135 454 4218 ipsa
483 4139 723 4225 Glastingensi
748 4146 904 4222 ecclesia,
929 4165 991 4208 nec
1019 4145 1055 4207 in
1087 4143 1240 4208 ecclesiis
1262 4143 1329 4206 sibi

375 4238 536 4316 subditis,
573 4242 743 4322 videlicet,
780 4245 926 4321 Soweie,
965 4245 1118 4321 Brente,
1146 4242 1330 4320 Merlincb,
