3128 4976
204 530 347 612 nrn.11.]
430 547 544 594 ensrn
568 548 695 596 nnouu
719 549 933 596 Anonouun.
1092 534 1158 598 277

207 703 312 778 entia,
331 722 418 784 quos
433 704 508 785 ipse
531 705 651 768 mallet
674 703 784 768 redire
799 725 901 787 quam
914 705 1035 788 perire.
1089 705 1156 769 Sed

205 802 333 882 reperit
347 803 486 867 tandem
500 804 559 866 ubi
582 805 750 886 magister
766 824 849 868 suus
866 805 1025 882 haereret,
1048 813 1094 882 et,
1118 813 1156 869 ut

205 899 273 964 dici
288 901 389 979 solet,
414 904 515 984 quasi
540 905 662 967 cornix
688 904 816 968 cornici
840 905 958 968 oculos
981 905 1155 980 effoderet,

205 998 286 1063 dnm
301 1001 379 1083 pari
392 1010 468 1066 arte
485 1004 710 1067 tentamentis
723 1004 800 1087 ejus
816 1012 1019 1070 occurreret.

250 1198 423 1258 QUOMODO
447 1200 661 1249 GERBERTUS
684 1201 898 1250 THESAUROS
921 1201 1116 1248 OO'I'OVIANl

601 1301 765 1348 lNVENl'l'.

258 1404 365 1488 §169
390 1406 477 1470 Erat
497 1407 604 1490 juxta
631 1408 779 1473 Romam
803 1409 839 1471 in
869 1426 991 1489 campo
1023 1406 1154 1470 Martio
1196 1430 1200 1436 ·

204 1511 334 1582 statua,
360 1525 452 1569 aerea
477 1526 522 1569 an
555 1507 667 1572 ferrea
697 1509 867 1572 incertum
894 1506 989 1583 mihi,
1019 1506 1153 1570 dextrae

203 1623 327 1668 manus
342 1604 490 1668 indicem
506 1605 654 1688 digitum
676 1614 856 1672 extentum
878 1605 1021 1682 habens,
1044 1606 1151 1688 scrip·

203 1710 277 1767 tum
308 1723 445 1787 quoque
476 1705 512 1768 in
544 1707 670 1789 capite,
703 1706 806 1770 ‘Hic
833 1705 996 1788 percute’
1048 1703 1151 1782 Quod

202 1805 391 1885 superioris
422 1805 489 1867 aevi
520 1801 677 1869 homines
693 1807 757 1869 ita
783 1805 1046 1886 intelligendum
1084 1803 1152 1867 rati

203 1904 304 1984 quasi
341 1903 389 1966 ibi
419 1902 619 1968 thesaurum
650 1906 857 1981 invenirent,
894 1903 1013 1968 multis
1053 1901 1150 1967 secu-

201 2003 289 2065 rium
325 2003 452 2067 ictibus
488 2003 705 2069 innocentem
739 2011 892 2068 statuam
921 2000 1150 2067 laniaverant.
1193 1995 1200 2008 '

203 2100 270 2164 Sed
287 2102 425 2165 illorum
443 2101 634 2182 Gerbertus
660 2103 838 2186 redarguit
860 2121 1023 2180 errorem,
1046 2103 1150 2183 longe

202 2201 305 2264 aliter
331 2201 557 2283 ambiguitate
587 2195 784 2268 ¹absoluta:
824 2221 973 2284 namque
998 2201 1150 2278 meridie,

202 2299 276 2362 sole
298 2299 334 2362 in
351 2307 471 2364 centro
484 2301 671 2378 existente,
693 2309 818 2367 notans
838 2320 907 2383 quo
928 2301 1149 2382 protendere-

203 2403 261 2461 tur
274 2401 396 2462 umbra
410 2399 523 2480 digiti,
537 2400 585 2463 ibi
599 2401 717 2482 palum
733 2401 809 2483 figit
821 2420 829 2480 ;
852 2420 936 2464 mox
950 2397 1149 2482 superveni-

202 2505 281 2561 ente
309 2505 423 2575 nocte,
448 2498 523 2562 solo
549 2501 760 2564 cubiculario
787 2501 957 2564 laternam
988 2507 1151 2582 portante

202 2597 400 2675 comitatae,
417 2617 458 2661 eo
472 2598 662 2666 contendit.
701 2599 767 2676 Ibi,
782 2605 875 2664 terra
889 2598 1001 2661 solitis
1019 2599 1150 2662 artibus

202 2695 394 2775 dehiscenS,
415 2698 525 2764 latum
544 2698 817 2780 ingredientibus
844 2697 1009 2781 patefecit
1029 2697 1150 2761 introi-

204 2803 299 2860 tum:
323 2798 569 2879 conspicantur
589 2798 764 2880 ingentem
786 2799 928 2880 regiam,
952 2815 1075 2860 aureos
1089 2815 1151 2878 pa·

203 2895 320 2973 rietes,
352 2914 458 2960 aurea
490 2897 679 2975 lacunaria,
709 2917 815 2961 aurea
850 2897 985 2974 omnia;
1025 2895 1152 2960 milites

204 3013 327 3059 aureos
347 2997 461 3060 aureis
479 2996 619 3060 tesseris
634 2998 733 3080 quasi
749 2997 900 3061 animum
916 2993 1151 3075 oblectantes3

202 3113 320 3176 regem
335 3096 547 3160 metallicum
559 3116 637 3160 cum
652 3099 773 3178 regina
785 3096 1068 3172 discumbentem,
1091 3114 1153 3177 ap-

201 3194 317 3276 posita
332 3195 488 3274 obsonia,
511 3203 667 3260 astantes
688 3197 877 3273 ministros,
899 3202 1038 3278 pateras
1053 3185 1153 3259 multi

202 3294 365 3375 ponderis
391 3302 426 3358 et
453 3295 568 3378 pretii,
596 3296 655 3358 ubi
679 3302 839 3360 naturam
865 3294 1026 3359 vincebat
1050 3313 1149 3376 opus.

205 3391 248 3454 In
263 3393 418 3456 interiori
445 3401 544 3476 parte
571 3393 693 3457 domus
719 3393 961 3469 carbunculus,
985 3393 1074 3474 lapis
1097 3393 1149 3455 in-

202 3491 323 3572 primis
340 3492 464 3556 nobilis
487 3500 522 3556 et
535 3511 663 3575 parvus
678 3487 835 3567 ²intuitu,
853 3492 1013 3555 tenebras
1037 3491 1149 3554 noctis

203 3589 359 3672 fugabat.
395 3590 438 3654 In
456 3592 630 3656 contrario
644 3592 773 3673 angulo
788 3593 906 3655 stabat
919 3609 1015 3673 puer,
1031 3609 1149 3654 arcum

202 3696 325 3753 tenens
341 3696 484 3754 extento
503 3711 609 3756 nervo
635 3697 670 3756 et
693 3691 862 3756 arundine
883 3691 1028 3754 intenta.
1092 3689 1150 3753 Ita

201 3789 237 3852 in
255 3790 425 3867 omnibus,
441 3810 517 3854 curn
535 3791 654 3855 oculos
670 3791 901 3873 spectantium
918 3807 975 3853 ars
998 3787 1151 3871 pretiosa

200 3896 369 3971 raptaret,
384 3890 470 3953 nihil
492 3897 567 3954 erat
590 3890 682 3973 quod
705 3896 823 3972 posset
838 3889 935 3970 tangi
952 3888 1018 3952 etsi
1033 3895 1151 3971 posset

201 3988 332 4068 videri3
365 3989 528 4054 continuo
563 3989 653 4053 enim
675 3996 715 4053 ut
741 3990 818 4072 quis
841 4007 981 4052 manum
1000 3987 1045 4051 ad
1068 4006 1150 4051 con-

236 4246 392 4314 minuta]
411 4253 592 4313 c.n.E.1..;
610 4254 662 4303 crs·
723 4249 866 4322 ’reatina
887 4255 933 4316 a,
953 4239 1109 4315 triental.
1125 4256 1154 4304 c.

198 4321 292 4384 soluta,
304 4321 349 4382 ἃς
365 4323 492 4386 obsolute,
504 4323 537 4372 A.
678 4324 723 4390 ¹D.
738 4325 769 4374 E.
781 4325 813 4372 1..
