3128 4976
238 2920 313 2968 swern
322 2918 354 2958 tn·

238 2970 296 3008 vlted
302 2975 324 3008 to
332 2970 379 3018 ling

239 3019 296 3065 lund.
306 3019 361 3058 Μ).

240 3071 296 3108 101³.

391 435 458 501 288
617 451 731 500 cusrn
755 451 882 498 nncuu
906 448 1120 496 nucuonuu.
1204 433 1288 515 [mu.
1305 447 1345 494 11.

392 610 428 672 in
444 607 575 690 praedia
585 607 676 692 juris
693 608 746 670 sui
762 608 866 688 longe
881 606 977 682 abiit,
993 625 1062 668 non
1076 611 1116 668 ut
1130 609 1342 686 praeceptum

394 707 538 784 foveret,
565 707 626 770 sed
655 713 695 770 ut
720 707 899 769 arbitrium
925 705 1080 786 fugeret3
1106 703 1154 767 ibi
1179 723 1256 766 cum
1280 722 1344 765 ex-

393 807 646 870 communicata
677 826 741 869 sua
767 806 875 868 vitam
902 803 1111 885 transigens
1138 801 1241 865 homo
1269 800 1342 865 fae-

393 907 504 970 tiosus
524 913 559 970 et
577 913 712 987 potens.
764 904 840 968 Sed·
859 923 936 968 cum
954 905 1051 967 Deus
1073 903 1272 984 episcopum
1297 900 1341 963 ad

394 1023 538 1087 superos
562 1010 734 1081 evocaret,
767 1010 803 1067 et
833 1003 932 1084 gravi
955 1002 1072 1066 dolore
1099 1002 1253 1065 membra
1283 999 1342 1063 de-

395 1112 517 1186 pastus
545 1103 696 1167 inlecto
727 1103 958 1179 decumberet,
981 1107 1218 1166 convenerunt
1242 1100 1344 1162 undi-

393 1223 462 1286 que
484 1202 722 1284 compatriotae
744 1209 784 1265 ut
806 1209 971 1266 extremae
998 1199 1228 1264 benedictioni
1250 1197 1344 1262 beati

395 1302 461 1366 viri
484 1302 796 1380 communicarent;
819 1301 914 1364 solus
940 1300 999 1363 ille
1021 1300 1139 1364 venire
1161 1319 1230 1362 non
1253 1318 1343 1380 prec-

395 1420 546 1476 sumens,
574 1401 778 1464 subornavit
806 1401 943 1482 aliquos
973 1400 1033 1481 qui
1062 1419 1125 1481 pro
1155 1418 1193 1461 se
1222 1399 1344 1480 loque-

396 1508 527 1564 rentur.
591 1499 678 1583 Ejus
706 1519 831 1563 nomen
861 1499 1017 1563 auditum
1048 1499 1158 1580 primo
1185 1497 1344 1580 pontifex

396 1599 527 1680 gemitu
551 1599 700 1681 excepit,
721 1599 801 1662 inde
824 1598 972 1682 subjecit
989 1598 1116 1676 verbe3
1140 1598 1246 1662 verba
1267 1597 1345 1679 ipsa

396 1699 551 1762 dicturus
573 1717 662 1761 sum.
714 1697 774 1761 ‘Si
789 1697 892 1761 miser
908 1698 966 1761 ille
991 1696 1208 1760 maledictam
1224 1689 1343 1760 ¹muli·

396 1817 488 1861 erem
502 1797 702 1873 deseruerit,
720 1797 765 1861 sit
780 1796 960 1861 absolutus
973 1817 982 1876 3
1000 1797 1030 1860 si
1045 1795 1245 1878 perstiterit,
1263 1814 1344 1877 pos·

397 1897 515 1960 teriori
539 1915 631 1960 anno
653 1895 718 1959 hac
741 1896 860 1960 eadem
881 1896 936 1960 die
958 1903 993 1960 et
1010 1895 1096 1960 hora
1111 1914 1180 1976 qua
1197 1914 1262 1977 ego
1284 1895 1345 1958 de·

397 1995 528 2072 cedam,
545 1995 591 2059 sit
607 2002 687 2059 ante
703 1995 817 2059 Deum
831 1995 973 2059 reddere
994 1995 1162 2058 rationem
1176 2001 1320 2077 paratus
1336 2015 1344 2057 :

398 2093 559 2158 videbitis
584 2101 700 2158 autem
726 2115 780 2158 me
807 2095 945 2176 quando
972 2093 1108 2176 signum
1137 2093 1182 2156 ad
1207 2100 1343 2157 sextam

397 2193 588 2257 insonuerit
607 2192 743 2256 efflare?
795 2193 871 2257 Nec
891 2194 976 2257 fides
989 2193 1104 2257 verbis
1123 2192 1244 2270 defuit,
1264 2213 1345 2256 nam

398 2300 434 2357 et
462 2293 528 2356 iste
553 2291 640 2356 hora
663 2307 733 2374 quo
752 2292 962 2375 praedixerat
983 2292 1188 2372 defunctus;
1215 2299 1250 2356 et
1275 2292 1346 2369 ille,

398 2411 490 2456 anno
504 2391 657 2467 evoluto,
681 2391 800 2455 eadem
819 2391 873 2454 die
895 2399 931 2456 et
950 2391 1036 2456 hora
1052 2411 1130 2455 cum
1152 2392 1264 2455 amica
1279 2390 1347 2454 ful-

397 2492 489 2554 mine
505 2491 595 2555 ictus
610 2491 829 2555 exanimatus
844 2499 908 2556 est.

458 2680 633 2741 QUOMODO
656 2681 812 2731 SWANUS
835 2683 1037 2731 INVITATUR
1061 2683 1110 2730 U'l'
1132 2683 1297 2730 ANGLIAM

801 2782 947 2830 VENIAT.

448 2890 553 2973 §IVO
569 2884 801 2957 Atvero²rex
811 2890 1030 2968 Ethelredus,
1043 2889 1280 2974 martyrizato,
1296 2883 1349 2954 ⁸ut

379 2989 636 3072 praediximus,
668 2997 789 3053 saneto
824 2989 961 3071 Elsego,
992 2989 1087 3053 dedit
1113 2991 1348 3073 episcopatum

400 3073 535 3153 cuidam
549 3083 729 3174 ⁴episcopo
754 3088 914 3170 Livingo.
968 3088 1161 3153 Resederat
1177 3095 1292 3152 autem
1313 3089 1350 3152 in

401 3186 532 3269 Anglia
548 3187 728 3251 Turkillus
751 3187 887 3264 DanuS,
912 3188 972 3270 qui
993 3186 1108 3251 fuerat
1132 3188 1289 3253 incentor
1309 3195 1350 3251 ut

400 3286 615 3368 lapidaretur
651 3286 952 3369 archiepiscopus3
984 3286 1201 3370 habebatque
1228 3287 1351 3351 Orien-

401 3386 489 3451 tales
504 3385 640 3470 Anglos
655 3406 728 3450 suae
742 3387 916 3450 voluntati
938 3393 1112 3468 parentes.
1166 3387 1259 3451 Nam
1281 3406 1350 3451 cae-

401 3487 478 3562 teri,
505 3486 587 3550 dato
606 3487 649 3550 ab
670 3485 796 3568 Anglis
821 3492 899 3549 octo
926 3485 1071 3548 millium
1095 3485 1258 3549 librarum
1288 3487 1352 3550 tri-

400 3587 496 3663 buto,
512 3607 574 3669 per
587 3587 689 3649 urbes
706 3593 741 3650 et
758 3604 872 3667 agros,
888 3604 957 3667 quo
974 3585 1120 3666 quisque
1140 3585 1352 3650 commodius

438 3873 446 3904 ¹
459 3874 610 3939 Mum]
621 3875 655 3926 A.
664 3876 699 3926 D.
709 3875 742 3926 E.
749 3875 780 3926 L.
790 3888 798 3936 ;
808 3891 864 3924 mu·

401 3947 488 3995 liorem
499 3945 579 4006 illam,
592 3947 622 3994 C.
635 3945 665 3995 S.

438 4013 542 4079 Ἧι]
566 4014 602 4065 Δ.
626 4015 654 4066 S.
679 4016 718 4064 D.
737 4015 795 4064 132.
813 4015 863 4074 L.;

402 4085 506 4134 omitted
517 4086 543 4132 in
557 4086 587 4134 C.
599 4085 631 4135 E.

438 4153 448 4185 ³
463 4155 499 4202 Ut
507 4155 690 4218 prediximus]
710 4153 758 4203 See
776 4153 790 4215 t
807 4157 867 4214 lot,

922 3905 934 3937 ⁴
949 3907 1069 3971 Episcopo
1090 3908 1225 3972 Liviam]
1249 3909 1351 3972 Lyfing,

888 3977 1006 4038 formerly
1023 3977 1108 4026 called
1125 3977 1284 4039 Aethelstam
1294 3991 1350 4027 was

891 4047 1031 4096 translated
1042 4047 1105 4096 from
1116 4047 1198 4095 Wells
1209 4053 1235 4097 to
1246 4047 1353 4098 Canter-

888 4119 953 4178 bury
964 4118 990 4165 in
1006 4117 1049 4166 the
1060 4132 1123 4178 year
1140 4120 1220 4167 1⁰1³:
1237 4118 1269 4166 he
1289 4115 1350 4166 died

890 4187 949 4236 rath
960 4188 1028 4238 June
1041 4188 1116 4237 1⁰2⁰.
