3112 4968
183 475 326 556 nra.11.]
401 491 516 541 cssrr.
539 491 675 540 arcun·
693 490 906 539 rucuoaun.
1056 477 1132 540 2361

182 645 322 712 lesiensi
348 649 520 725 coenobio,
547 648 640 730 quod
669 655 801 712 sanctae
825 646 1002 730 religionis
1027 642 1133 713 ¹Wil-

182 744 291 810 fridus
314 748 491 812 monachis
508 747 813 812 Northanhimbris
835 747 1040 830 repleverat,
1058 750 1133 812 exi.

183 846 302 910 tialem
315 849 473 912 morbum
482 855 642 912 exortum
654 847 783 910 multos
793 865 952 926 necasse;
966 846 1131 930 reliquos,

183 945 345 1010 triduano
362 947 493 1010 indicto
503 947 653 1030 jejunio,
666 953 799 1029 pestem
816 946 944 1028 pellere
960 952 1129 1013 tentasse.

183 1043 343 1112 Secunda
358 1045 485 1129 jejunii
502 1046 568 1123 die,
583 1047 705 1110 beatos
728 1046 905 1127 apostolos
928 1043 1072 1112 Petrum
1095 1054 1131 1112 et

183 1141 346 1223 Paulum,
363 1165 470 1227 puero
486 1145 606 1210 eadem
620 1145 820 1209 valetudine
836 1145 1054 1210 decumbenti
1066 1165 1129 1229 ap·

182 1251 357 1326 parentes,
371 1245 533 1309 hisillum
547 1244 739 1308 animasse:
755 1264 824 1307 non
835 1264 912 1308 eum
922 1244 1045 1308 debere
1057 1265 1129 1309 me·

181 1350 280 1407 tuere
302 1351 447 1408 mortem
472 1344 719 1421 imminentem,
736 1343 877 1427 quaesit
895 1351 930 1411 et
947 1346 1129 1426 praesentis

182 1431 360 1526 languoris
384 1444 499 1508 exitus
515 1451 551 1508 et
563 1445 645 1508 vitae
661 1443 820 1526 perennis
835 1443 1007 1507 introitus.
1052 1443 1130 1508 Gee-

182 1547 305 1619 terum,
318 1544 487 1607 neminem
502 1543 544 1608 de
559 1544 620 1607 illo
630 1543 839 1608 monasterio
856 1542 920 1607 hac
931 1543 1129 1625 pestilentia

179 1643 397 1721 moriturum,
421 1643 515 1726 quod
541 1643 638 1707 Deus
667 1642 827 1725 praeclari
845 1643 949 1727 ,regis
975 1641 1130 1708 Oswaldi

181 1743 390 1806 concesserit
415 1743 557 1820 meritis,
580 1741 904 1824 pro'compatriotis
928 1741 1048 1805 eadem
1073 1743 1129 1808 die

181 1840 434 1922 supplicantis3
463 1841 554 1905 hunc
586 1842 678 1904 enim
710 1861 786 1905 esse
815 1841 905 1905 diem
938 1861 1007 1924 quo
1036 1841 1128 1907 idem

180 1957 254 2017 rex,
279 1948 453 2022 peremtus
476 1960 498 2004 a
521 1940 673 2024 perfidis,
699 1941 875 2005 stellatum
893 1940 931 2004 in
953 1920 1129 2006 mom'ento

180 2038 333 2103 tribunal
356 2040 605 2105 conscenderit.
658 2039 863 2119 Quaererent
884 2059 968 2124 ergo
990 2041 1027 2106 in
1048 2041 1127 2106 albo

177 2156 249 2219 quo
275 2146 488 2204 mortuorum
512 2140 751 2204 scribebantur
775 2139 927 2217 nomina,
951 2146 986 2204 et
1015 2139 1047 2202 si
1074 2140 1127 2206 ita

180 2236 386 2315 invenirent,
411 2239 525 2303 soluto
549 2237 698 2322 jejunio,
727 2239 906 2302 securitati
935 2246 971 2303 et
993 2238 1126 2304 laetitiae

179 2336 411 2419 indulgentes,
438 2339 619 2402 missarum
636 2336 805 2402 solennia
828 2338 906 2402 Deo
937 2346 972 2402 et
1003 2347 1126 2405 sancto

180 2437 254 2518 regi
281 2438 514 2502 concinerent.
578 2431 693 2514 ²Huic
716 2437 841 2501 visioni
870 2436 969 2520 pueri
991 2457 1083 2501 mors
1106 2460 1126 2505 e

177 2536 327 2618 vestigio
355 2539 552 2614 subsecuta,
583 2537 814 2620 martyrisque
838 2536 912 2600 dies
938 2537 975 2600 in
996 2545 1124 2622 marty·

179 2635 311 2717 rologio
326 2637 479 2715 inventa,
494 2637 595 2700 simul
610 2644 646 2701 et
663 2636 822 2718 expulsio
837 2636 958 2713 morbi,
974 2638 1018 2702 ab
1032 2640 1125 2702 omni

179 2735 358 2815 provincia
375 2737 461 2800 adeo
478 2744 561 2800 sunt
582 2743 760 2813 attestata,
776 2743 817 2800 nt
831 2755 956 2799 nomen
971 2734 1126 2802 Oswaldi

179 2852 222 2895 ex
242 2841 324 2899 tunc
343 2836 434 2899 inter
445 2843 616 2920 martyres
635 2842 836 2915 notaretur3
859 2835 963 2917 quod,
985 2856 1049 2918 pro
1072 2856 1124 2902 re-

176 2936 271 2998 centi
297 2935 429 3013 funere,
444 2935 594 2999 fidelium
622 2942 726 2999 antea
748 2953 890 2998 numero
912 2936 1122 3002 sociabatur.

178 3031 307 3098 Merito
331 3055 426 3116 ergo,
455 3037 589 3112 merito,
615 3035 768 3118 inquam,
790 3033 996 3112 laudandus,
1022 3035 1122 3119 cnjus

176 3131 323 3212 gloriam
350 3135 486 3199 divinus
510 3153 672 3199 assensus
703 3135 896 3217 approbato
921 3135 1048 3198 extulit
1070 3135 1123 3200 in-

176 3231 278 3310 dicio,
311 3241 352 3298 ut
386 3254 463 3298 eum
502 3235 683 3298 missarum
713 3233 923 3316 praeciperet
955 3234 1122 3300 celebrari

174 3333 373 3412 praeconio3
400 3331 591 3410 inusitato,
606 3340 646 3396 ut
667 3333 801 3414 opinor,
831 3331 1035 3395 mortalibus
1060 3354 1122 3397 ex.

175 3429 299 3512 emplo.
353 3430 410 3496 Ne
437 3438 552 3496 autem
572 3430 647 3495 haee
673 3430 856 3496 videantur
878 3430 1014 3514 frivola,
1040 3451 1122 3514 pro.

176 3527 270 3592 hibet
299 3530 495 3595 indubitata
525 3529 680 3594 historici
713 3529 914 3606 auctoritas,
950 3529 1121 3613 simulque

172 3627 295 3692 beatus
311 3622 512 3713 ³episcopus
528 3629 635 3706 Acca,
653 3629 811 3693 relatoris
828 3629 1035 3712 symmistes.

225 3727 334 3810 §aba
359 3723 552 3812 *Egbertus
578 3749 640 3792 rex
657 3728 935 3807 cantuariorum,
950 3728 1041 3792 filius
1057 3729 1119 3792 Er-

206 3990 216 4022 ¹
232 3987 390 4060 Wilfridurss]
403 3994 451 4043 See
462 3992 545 4056 note¹,
556 3998 632 4056 psa.
659 3992 719 4059 (See
742 3990 824 4052 Beda,
844 3990 890 4040 lib.
911 4003 936 4041 ν.
959 4007 982 4040 c.
1001 4007 1046 4042 xx.
1068 3993 1118 4042 and

206 4058 317 4125 ²Heia]
329 4065 362 4113 E.
370 4064 401 4113 L.
409 4079 416 4124 ;
424 4064 495 4112 Huic
503 4063 641 4124 auterno.
660 4061 762 4111 Smith’s
773 4066 830 4109 note
841 4075 873 4108 on
884 4061 939 4109 that
950 4058 1069 4124 subject.)

206 4130 362 4196 ³Epiecopur
372 4128 462 4200 Arra]
478 4135 559 4195 Acca,
572 4134 633 4182 wil·
695 4130 842 4194 ‘higbertus
859 4145 905 4178 rex
924 4131 1121 4193 Gratum-iorum,

170 4201 257 4252 iertb's
279 4203 368 4264 priest,
387 4205 529 4252 succeeded
547 4208 573 4252 to
591 4204 634 4252 the
654 4201 728 4266 filius
738 4199 898 4260 Ercomberir',
909 4202 938 4249 de
948 4201 1036 4264 quibus
1046 4215 1121 4264 supra

170 4272 317 4334 bisboprick
335 4272 364 4322 oi
385 4273 504 4323 Herbam
528 4274 554 4322 in
577 4277 634 4324 71⁰.
661 4271 738 4334 dixi]
755 4271 858 4334 ΗΜ.
870 4273 910 4322 21.

1133 3686 1204 3727 saints
1212 3688 1255 3728 Ae-

1132 3737 1213 3777 tbelred
1223 3749 1247 3778 or

1133 3787 1228 3834 Elberbt,
1238 3789 1280 3828 sud

1132 3837 1267 3888 Aegelberht.
