3106 4974
244 454 374 536 man]
471 473 584 521 orsus
609 473 736 522 uncum
760 445 974 523 suenorum.
1153 461 1197 524 65
1300 501 1313 512 -

242 626 453 704 anhimbros,
476 646 517 690 eo
541 626 743 691 familiarius
765 647 834 710 quo
855 628 1092 712 propinquius,
1114 650 1195 713 pro-

241 727 410 808 spiciebat
443 727 612 792 intentio:
649 733 770 791 nostra
806 747 888 792 vero
924 729 1068 793 lacinias
1101 729 1193 794 illius

243 832 363 908 carpet
385 834 420 890 et
442 833 626 909 componet
646 828 767 891 oratio.
821 827 877 891 Ne
900 829 978 910 quis
1002 847 1086 892 sane
1111 830 1195 894 mihi

242 925 328 988 vitio
350 933 476 1003 vertat,
498 927 590 1008 quod
613 934 685 990 tam
708 925 832 989 diffusa
853 928 889 990 in
909 936 1042 992 arctum
1055 936 1193 992 contra-

243 1024 337 1088 hitur
364 1024 520 1102 historia,
549 1027 685 1090 noverit
711 1025 842 1090 factum
874 1028 1031 1105 consilio,
1068 1035 1106 1092 ut
1134 1029 1194 1111 qui

244 1125 487 1189 nauseaverint
517 1124 644 1189 inillis
667 1125 830 1202 obsoniis
852 1125 889 1188 in
914 1127 967 1189 his
994 1128 1191 1191 mendican-

242 1232 295 1288 tes
310 1225 479 1307 respirent
491 1225 653 1305 reliquiis.
701 1224 765 1288 Est
778 1225 870 1289 enim
884 1227 1026 1290 verbum
1041 1219 1191 1305 ¹tritum,

243 1324 449 1405 antiquitate
475 1324 720 1402 venerandum,
749 1323 852 1388 ‘Cibi
875 1326 934 1407 qui
957 1326 1069 1389 minus
1097 1325 1191 1390 suffi-

242 1422 350 1500 ciunt,
366 1423 501 1488 avidius
520 1423 725 1487 sumuntur.’
777 1423 989 1487 Ethelfridus
1011 1426 1129 1506 igitur,
1152 1435 1192 1490 ut

243 1522 354 1590 dicere
378 1543 564 1606 coeperam,
592 1543 743 1605 regnum·
764 1531 903 1600 nactus,
929 1525 1039 1607 primo
1067 1526 1192 1589 acriter

210 1633 214 1637 ’
242 1641 306 1688 sua
330 1623 524 1699 defendere,
548 1630 629 1705 post
653 1624 757 1686 etiam
780 1623 934 1705 improbe
955 1623 1068 1686 aliena
1092 1624 1190 1688 inva-

242 1722 334 1800 dere,
369 1723 489 1805 gloriae
525 1722 724 1786 occasiones
760 1723 987 1805 undecunque
1028 1723 1189 1788 conflare.

243 1821 362 1888 Multa¹
380 1843 442 1906 per
465 1841 543 1885 eum
566 1822 688 1905 praelia
705 1821 869 1887 inchoata
888 1822 1041 1904 provide,
1058 1831 1094 1887 et
1108 1843 1190 1887 con·

241 1929 412 1988 summata
439 1922 590 2003 egregie,
618 1922 697 1986 dum
725 1942 789 1986 nec
812 1922 911 1986 illum
938 1941 959 1986 a
984 1924 1190 1987 necessitate

241 2022 405 2090 fraenaret
417 2022 553 2099 inertia,
569 2041 633 2086 neo
648 2021 692 2085 ad
705 2023 934 2086 temeritatem
955 2023 1189 2105 praecipitaret

241 2121 394 2188 audacia.
448 2121 564 2184 Testis
580 2128 634 2184 est
647 2121 769 2184 horum
791 2115 931 2203 ²Degsa
952 2121 1054 2204 lapis,
1069 2123 1105 2184 in
1120 2122 1189 2185 illis
1202 2145 1271 2186 ram
1292 2146 1317 2186 or

240 2222 438 2302 regionibus
465 2221 669 2302 percelebris
697 2221 806 2298 locuS,
834 2221 871 2284 in
900 2240 969 2302 quo
997 2241 1059 2284 rex
1089 2221 1188 2286 Scot-
1201 2197 1339 2296 Rfdff'ebs‘ffn'

241 2327 355 2385 torum
371 2321 482 2398 Edan,
498 2321 569 2403 qui,
591 2321 806 2384 successibus
820 2319 1003 2385 Ethelfridi
1019 2321 1189 2399 invidens,

241 2420 491 2486 detractantem
505 2420 609 2485 etiam
622 2421 659 2483 in
674 2420 801 2484 bellum
814 2419 1011 2502 impulerat,
1026 2440 1095 2484 non
1115 2421 1189 2485 sine

241 2540 369 2602 magno
397 2521 538 2584 victoris
567 2520 761 2583 discrimine
791 2520 916 2596 victus,
943 2519 1062 2600 fugam
1092 2519 1188 2599 iniit3

241 2620 410 2702 siquidem
433 2638 617 2701 germanus
640 2618 834 2694 Ethelfridi,
860 2617 1063 2694 Tetbaldus,
1085 2626 1191 2700 caput

240 2719 401 2802 periculis
416 2719 606 2803 objectans
629 2738 670 2781 eo
689 2717 876 2781 studiosius
896 2736 965 2798 quo
987 2716 1086 2780 fratri
1108 2737 1189 2800 ope-

240 2837 315 2883 ram
324 2809 499 2883 ostentare
510 2817 693 2882 affectabat
703 2817 902 2899 impensius,
914 2817 1108 2880 luctuosam
1119 2818 1190 2882 vic-

241 2920 366 2992 toriam
387 2919 538 3000 reliquit,
552 2938 629 2994 curn
645 2918 803 2980 omnibus
825 2909 1191 2998 ⁸commanipularibus

242 3019 313 3081 suis
342 3018 567 3083 desideratus.
619 3017 734 3081 Testis
757 3023 793 3080 et
820 3009 1029 3098 ⁴Legionum
1057 3018 1313 3094 civitasnnerr.

243 3137 320 3202 quae
343 3137 434 3181 nunc
457 3117 659 3199 simpliciter
673 3115 796 3180 Cestra
809 3123 965 3193 vocatur,
980 3136 1126 3199 quaeque
1148 3117 1192 3180 ad

243 3217 277 3280 id
303 3217 466 3300 temporis
489 3237 511 3280 a
534 3216 713 3280 Britannis
729 3235 902 3299 possessa,
923 3217 1136 3280 contumacis
1158 3215 1194 3280 in

278 3427 284 3458 ¹
299 3428 417 3492 Tritum]
434 3429 483 3490 E.;
499 3443 549 3478 usu
566 3429 662 3490 tritum,
672 3427 705 3478 A.
764 3420 1060 3491 tormentarium]
1078 3424 1111 3474 A.
1122 3426 1150 3474 S.
1159 3426 1193 3476 D.

244 3501 272 3550 S.
287 3502 317 3548 C.
330 3500 364 3548 D.
377 3499 407 3548 L.
420 3499 459 3547 M.
730 3498 762 3547 E.
775 3497 806 3545 L.
814 3497 857 3545 M.
869 3511 876 3555 ;
893 3494 1103 3554 manipularibus,
1116 3495 1145 3543 C.

278 3566 384 3630 'Degsu
394 3562 481 3634 lupia]
499 3567 532 3616 A.
540 3567 569 3616 S.
579 3568 609 3616 G.
618 3568 651 3616 E.
659 3568 690 3617 L.
700 3583 707 3627 ;
765 3564 775 3597 ⁴
787 3566 921 3628 Legionem
932 3563 1019 3612 civitas
1031 3598 1038 3611 .
1051 3598 1058 3612 .
1072 3597 1078 3611 .
1091 3564 1194 3612 .Ceetrc

244 3639 328 3700 Degla
347 3639 422 3699 lapis,
434 3639 468 3687 D.
482 3636 609 3686 M.-Tlre
628 3638 707 3686 battle
730 3636 848 3699 vocatae]
881 3634 934 3682 The
958 3631 1054 3681 British
1074 3647 1147 3680 name
1169 3631 1198 3682 of

243 3709 272 3758 of
280 3707 442 3770 Daegsastbn
452 3722 507 3756 was
518 3707 607 3768 fought
623 3707 650 3754 in
665 3707 707 3755 the
731 3706 781 3755 thir
793 3706 844 3765 city
856 3717 911 3752 was
926 3703 1069 3764 Cast-leon,
1081 3702 1123 3751 tlre
1135 3702 1195 3763 city

243 3793 305 3837 year
326 3782 385 3829 603.
424 3777 483 3844 (See
511 3776 572 3825 Sex.
596 3777 707 3838 Chron.;
731 3775 761 3823 oi
769 3776 887 3837 Legions,
898 3773 961 3822 from
973 3787 989 3821 a
1000 3773 1097 3821 Roman
1111 3773 1195 3834 legion

244 3848 325 3909 Beda,
341 3848 387 3898 lib.
411 3860 429 3897 1.
450 3863 473 3896 c.
497 3850 544 3904 ³4;
568 3845 618 3894 aud
641 3847 708 3895 Flor.
732 3847 808 3907 being
835 3845 932 3904 always
964 3842 1089 3891 stationed
1116 3842 1195 3892 there.

245 3913 371 3980 Wigorn.)
406 3916 460 3965 The
476 3916 579 3964 modern
596 3930 668 3964 name
684 3914 713 3963 oi
734 3915 806 3963 Beda
828 3913 885 3979 (lib.
910 3925 940 3961 11.
964 3927 987 3960 c.
1006 3916 1031 3970 2,
1050 3912 1063 3972 ξ
1082 3908 1127 3974 94)
1149 3911 1196 3958 has

245 3987 295 4036 this
306 3989 379 4048 place
390 3987 413 4035 is
424 3991 468 4035 not
478 3986 586 4034 known:
598 3985 632 4044 by
642 3999 709 4033 some
733 3983 803 4032 these
820 3982 921 4030 words:
944 3987 952 4008 ⁸
966 3981 1100 4028 Civitatem
1123 3979 1197 4040 Legi-

245 4057 265 4105 it
276 4058 299 4106 is
311 4056 514 4119 supposedtobe
525 4055 711 4114 Delston‚near
733 4067 819 4112 onum,
841 4065 899 4111 quae
923 4064 938 4097 a
961 4053 1034 4110 gente
1057 4049 1197 4110 Anglorum

244 4125 409 4187 Garlisle3by
417 4127 501 4175 others
510 4125 644 4187 Damion,
651 4137 711 4173 near
735 4121 905 4184 legacaestir,
916 4134 933 4166 a
949 4117 1096 4168 Britonibus
1113 4121 1198 4168 autem

244 4196 418 4259 Jedborough.
734 4192 828 4240 rectius
840 4189 974 4252 Carlegion
985 4188 1146 4250 appellatur.’

1031 4281 1050 4326 F
