3162 4972
1480 81 1484 86 ,
1557 6 1566 148 l

230 711 360 804 water
441 690 529 774 §ab
554 689 614 755 Ita
634 685 644 722 ¹
647 691 722 776 jam
745 691 890 756 celebris
903 696 979 755 erat
994 689 1099 765 fama,
1121 694 1162 751 ut
1175 687 1213 750 in
1227 706 1342 769 quaes·

231 775 332 855 ιιιωῖἴ
390 789 544 854 tionibus
567 791 757 855 enodandis
780 790 952 872 indigeret
975 801 1017 853 eo'
1043 787 1239 851 sublimitas
1268 787 1342 850 Ro·

390 907 507 967 mana,
533 910 596 954 nec
621 910 704 955 vero
732 909 886 972 unquam
901 888 1121 978 'Gallicanus
1149 894 1266 951 tumor
1289 885 1344 948 in·

393 989 550 1054 venitin
577 987 707 1072 Angla
734 989 827 1071 quod
856 995 1019 1071 argueret
1046 987 1181 1052 merito.
1241 982 1342 1048 Adeo

388 521 432 587 88
607 534 721 582 onom
749 531 875 580 ancum
902 529 1115 578 ANoLoRUM.
1212 511 1299 594 [cm.
1316 527 1340 576 1.
1561 423 1566 558 i

394 1087 569 1153 Latinitas
586 1089 698 1154 omnis
723 1089 799 1173 ejus
816 1087 895 1152 fidei
920 1094 956 1152 et
977 1087 1178 1169 magisterio
1191 1085 1344 1167 palmam

337 1187 500 1253 ”secedit
572 1188 665 1252 Nam
695 1195 730 1253 et
759 1188 839 1253 fidei
867 1200 962 1251 sanae
993 1194 1028 1251 et
1056 1185 1251 1261 incuriosae,
1283 1183 1343 1247 sed
1440 1218 1442 1222 ν

394 1287 505 1353 dulcis
527 1287 594 1352 fuit
615 1289 835 1371 eloquentiae,
856 1288 894 1350 in
912 1287 1072 1351 omnibus
1089 1282 1345 1366 explanationi·

393 1388 460 1451 bus
483 1387 678 1451 divinarum
700 1388 949 1469 scripturarum
973 1386 1085 1467 magis
1109 1385 1170 1448 illa
1199 1382 1346 1446 rimatus

393 1487 522 1569 quibus
544 1486 653 1551 lector
675 1486 744 1551 Dei
765 1486 983 1550 dilectionem
1014 1492 1050 1549 et
1075 1482 1225 1566 proximi
1252 1481 1347 1546 cohi·

395 1587 505 1664 beret,
532 1606 637 1668 quam
664 1586 726 1649 illa
754 1587 881 1668 quibus
915 1587 971 1650 vel
1008 1584 1100 1648 sales
1134 1582 1260 1646 libaret
1290 1581 1347 1646 vel

395 1685 526 1766 linguae
549 1687 743 1768 rubiginem
764 1686 913 1750 limaret.
967 1685 1078 1749 Porro
1090 1683 1133 1745 de
1146 1683 1229 1746 vitae
1251 1681 1347 1744 illius

396 1786 584 1850 sanctitate
608 1784 766 1848 dubitare
795 1803 991 1868 quenquam
1017 1790 1114 1847 arcet
1137 1782 1232 1845 illius
1263 1781 1347 1844 dicti

396 1883 646 1966 irrefragabilis
661 1885 791 1948 veritas
806 1884 898 1968 quod
922 1883 1067 1967 protulit
1088 1881 1217 1945 mundo
1240 1873 1346 1944 ⁹divae

398 1982 531 2066 sophiae
545 1983 723 2067 majestas,
738 1977 823 2048 ‘³In
837 1984 1037 2048 malivolam
1051 1981 1201 2045 animam
1217 1999 1286 2045 non
1295 1980 1349 2042 in·

399 2083 520 2146 troibit
534 2084 716 2165 sapientia,
732 2103 795 2148 neo
811 2082 1020 2147 inhabitabit
1043 2083 1080 2145 in
1101 2099 1244 2162 corpore
1267 2079 1348 2142 sub-

398 2180 473 2245 dito
492 2181 678 2264 peccatist'
700 2183 794 2265 quod
817 2182 860 2245 de
881 2181 1058 2245 mundana
1077 2181 1248 2263 sapientia
1270 2198 1349 2260 pro·

398 2279 491 2344 secto
506 2301 574 2345 non
597 2281 693 2359 dicit,
717 2302 795 2363 quae
819 2281 1053 2345 indifferenter
1073 2279 1250 2344 hominum
1275 2296 1349 2342 cor·

397 2379 502 2442 dibus
516 2379 683 2459 illabitur,
696 2389 732 2445 et
748 2401 819 2465 qua
836 2382 1039 2444 creberrime
1053 2379 1205 2462 pessimi,
1220 2378 1351 2442 nullas-

399 2498 469 2561 que
485 2480 531 2543 ad
545 2486 739 2563 extremum
754 2481 846 2544 diem
854 2488 1021 2564 ponentes
1031 2486 1142 2543 metas
1153 2477 1351 2552 sceleribus,

399 2578 530 2660 pollere
564 2581 836 2662 conspiciuntur,
860 2580 968 2664 juxta
997 2579 1084 2642 illud
1117 2577 1350 2654 Dominicum,

399 2671 521 2742 “Filii
530 2678 635 2763 hujus
645 2681 753 2743 seculi
762 2680 1001 2762 prudentiores
1011 2678 1091 2742 filiis
1105 2679 1193 2742 lucis
1202 2679 1239 2741 in
1248 2696 1352 2758 gene·

400 2779 535 2844 ratione
553 2798 618 2842 sua
632 2787 714 2843 sunt
724 2779 751 2858 ς’
773 2779 835 2842 sed
849 2780 944 2843 illam
958 2779 1164 2862 sapientiam
1178 2771 1352 2840 ⁵nominat

400 2897 479 2959 quae
495 2878 686 2960 disciplinae
700 2878 823 2960 effugit
836 2878 966 2956 fictum,
983 2885 1018 2942 et
1032 2897 1112 2960 quae
1126 2885 1267 2960 separat
1277 2896 1315 2940 se
1330 2894 1351 2940 a

401 2977 672 3058 cogitationibus
688 2998 768 3060 quae
783 2984 865 3041 sunt
880 2978 954 3044 sine
969 2977 1160 3054 intellectu,
1173 2977 1363 3056 intellectu

401 3075 479 3138 dico
495 3076 582 3139 bene
599 3076 738 3141 vivendi
753 3083 788 3140 et
801 3078 889 3140 bene
904 3076 1059 3141 dicendi:
1071 3077 1176 3158 unde
1193 3076 1351 3158 pulcher-

399 3175 487 3237 rime
511 3175 653 3253 Seneca,
679 3177 715 3239 in
738 3177 828 3240 libro
843 3170 920 3241 ⁶De
947 3176 1084 3254 CausiS,
1108 3181 1353 3240 commemorat

395 3271 584 3351 Catonem,
607 3275 755 3340 oratoris
777 3273 926 3339 officium
954 3271 1186 3352 definientem,
1209 3275 1352 3351 dixisse,

401 3380 412 3408 ‘
429 3372 557 3438 Orator
581 3381 635 3438 est
653 3376 709 3439 vir
722 3377 846 3453 bonus,
859 3375 997 3440 dicendi
1011 3375 1168 3458 peritus!
1220 3375 1351 3438 Emun-

400 3472 508 3538 dabat
531 3495 615 3556 ergo
640 3474 897 3539 ecclesiasticus
917 3482 1034 3552 orator
1056 3477 1152 3558 prius
1177 3475 1353 3538 conscicn-

400 3574 543 3651 tiam,ut
552 3575 602 3638 sic
613 3574 792 3639 accederet
803 3574 847 3639 ad
859 3566 1116 3639 ⁷recludendam
1128 3575 1352 3657 mysticorum

400 3675 606 3755 scriptorum
619 3674 896 3756 intelligentiam.
950 3673 1021 3752 Qui
1039 3676 1129 3738 enim
1147 3675 1220 3738 fieri
1237 3680 1354 3758 potest

435 3894 535 3960 ¹dom]
552 3896 586 3948 A.
599 3897 633 3948 D.
646 3898 679 3948 E.
690 3899 737 3958 L.;
754 3901 814 3961 tam,
828 3900 857 3948 C.
924 3896 1085 3963 ⁸Nominat.]
1103 3898 1132 3948 S.
1146 3899 1176 3948 C.
1188 3897 1223 3948 D.
1236 3898 1287 3961 E.;
1312 3912 1356 3947 no·

396 3999 399 4007 ¹
416 3965 551 4051 ''Diooeff
576 3967 610 4019 A.
622 3968 651 4018 S.
665 3969 695 4017 G.
708 3969 740 4017 E.
753 3969 784 4018 L.
795 3984 802 4030 ;
825 3969 865 4017 di·
886 3970 1001 4031 minavit,
1012 3967 1044 4018 L.

397 4037 639 4157 ἫΆἨΜ
653 4143 661 4158 ι
675 4143 681 4157 ¹
695 4143 701 4158 υ
716 4143 722 4157 Ι
737 4107 864 4172 peccam]
926 4077 984 4129 ⁶De
997 4078 1107 4141 Caram]
1124 4078 1230 4138 Seneca,
1249 4076 1354 4126 Conuo-

400 4179 474 4227 Book
485 4177 514 4226 of
522 4177 636 4226 Wisdonr
648 4190 666 4227 1.
679 4181 703 4227 d.
890 4165 954 4200 *ω’
965 4150 1010 4199 lib·
1023 4162 1041 4198 ¹·

435 4245 600 4307 *Pariaque
610 4247 684 4295 madi
701 4261 863 4307 ...genero-
924 4239 1145 4303 meramnum]
1170 4239 1203 4289 A.
1217 4240 1245 4289 S.
1258 4240 1291 4290 E.
1303 4239 1353 4300 ὰς

400 4316 464 4365 tione
474 4331 518 4365 suc
528 4315 607 4378 sant]
624 4316 698 4364 Luke
710 4329 765 4366 xv1.
776 4321 800 4365 8.
889 4311 1080 4374 enucleandam,
1091 4312 1126 4360 D.
1138 4311 1177 4361 M.
