3162 4972
245 497 372 578 nra.1.]
469 512 583 560 onera
609 513 735 562 annun
759 513 976 562 Ancnouuru.
1154 497 1199 564 89

245 678 285 735 ut
302 670 449 734 serviret
473 669 567 734 vitiis
590 669 651 751 qui
674 668 843 732 medullas
868 668 1008 732 intimas
1030 667 1197 747 hauriret,
1211 693 1338 732 senator

245 771 306 852 qui
314 777 409 834 totas
418 769 648 851 cogitationes
658 769 1198 852 consumeretinscripturarum
1212 743 1277 824 ω’
1335 771 1342 792 “

246 858 549 952 expositionibus?
607 867 713 945 Nam,
739 874 779 931 ut
802 869 877 950 ipse
899 866 1028 932 fatetur
1044 861 1096 931 lin
1108 870 1198 935 libro

244 970 351 1046 tertio
370 987 476 1051 super
494 967 701 1045 Samuelem,
724 968 960 1050 expositiones
978 986 1064 1044 suae,
1081 969 1111 1032 si
1128 989 1198 1032 non

246 1068 342 1134 aliud
359 1068 522 1132 afferrent
543 1067 730 1133 lectoribus
753 1067 1034 1144 emolumentum,
1050 1067 1116 1133 hoc
1131 1069 1198 1132 sibi

246 1187 316 1232 non
339 1165 558 1231 mediocriter
582 1167 751 1243 valerent,
777 1166 881 1248 quod,
904 1167 984 1230 dum
1006 1166 1081 1231 baec
1104 1169 1198 1231 omni

246 1267 363 1331 studio
381 1268 520 1349 agebat,
536 1266 708 1330 lubricum
730 1265 839 1329 seculi
860 1272 896 1330 et
918 1266 1040 1330 inanes
1064 1267 1197 1348 cogita·

248 1367 360 1432 tiones
371 1374 453 1448 post
467 1373 605 1448 tergum
618 1367 790 1449 ponebat:
807 1363 996 1429 defaecatus
1011 1367 1131 1448 itaque
1146 1368 1198 1430 vi·

247 1466 307 1532 tiis
325 1467 464 1531 subibat
480 1467 516 1528 in
532 1466 697 1530 interiora
707 1465 908 1546 velaminis;
931 1484 1009 1549 quae
1024 1466 1118 1530 intus
1136 1487 1198 1529 ex-

248 1573 389 1648 ceperat
404 1567 532 1642 animo,
547 1565 640 1628 foras
657 1564 801 1628 efferens
815 1583 973 1628 sermone
988 1566 1171 1647 castigato.

299 1665 388 1748 §du
411 1664 651 1728 Veruntamen
678 1665 785 1728 animi
809 1663 885 1747 ejus
907 1684 996 1746 pura
1017 1665 1198 1743 sanctitas,

248 1771 285 1828 et
299 1772 421 1829 sancta
432 1765 580 1848 puritas,
600 1765 712 1846 magis
734 1757 906 1846 ²tempore
928 1765 1044 1830 obitus
1066 1758 1198 1828 ³excel-

247 1864 346 1945 lunt;
387 1865 556 1946 siquidem
592 1862 766 1928 continuis
797 1871 930 1945 septem
953 1864 1199 1928 ebdomadibus

248 1964 418 2028 stomachi
444 1964 684 2047 indignatione
708 1964 804 2028 cibos
830 1982 1014 2041 nauseans,
1036 1984 1200 2046 aegroque

247 2071 284 2128 et
308 2072 459 2146 angusto
485 2063 636 2145 suspirio
663 2062 808 2127 halitum
836 2063 1030 2145 producens
1053 2064 1140 2128 adeo
1160 2073 1200 2129 ut

248 2169 327 2228 'eum
345 2163 609 2230 incommoditas
632 2163 723 2226 lecto
737 2169 982 2244 prosterneret,
999 2170 1200 2227 nontamen

247 2263 435 2326 literalium
449 2263 642 2327 studiorum
659 2262 780 2346 rejecit
798 2282 950 2344 operam.
990 2262 1091 2327 Totis
1109 2264 1199 2326 enim

249 2361 383 2440 diebus,
408 2370 535 2445 praeter
557 2361 711 2426 debitum
729 2362 932 2443 psalmodiae
960 2381 1119 2445 pensum,
1142 2382 1198 2426 as-

249 2462 358 2527 siduis
384 2463 429 2526 ad
461 2460 650 2543 discipulos
671 2461 890 2535 lectionibus,
917 2463 1200 2547 ruminandisque

249 2569 286 2626 ct
311 2561 789 2648 absolvendisquaestionum
814 2559 1086 2638 difficultatibus,
1119 2581 1199 2643 gra·

249 2662 408 2742 vedinem
432 2660 641 2726 valetudinis
664 2660 834 2742 decipere,
863 2678 1031 2741 suspensa
1061 2661 1199 2723 interim

248 2761 474 2843 cogitatione,
492 2761 679 2825 nitebatur.
732 2758 964 2840 Evangelium
979 2779 1117 2842 quoque
1135 2758 1158 2822 J
1161 2781 1199 2824 o·

250 2860 387 2938 hannis,
413 2861 506 2942 quod
535 2858 738 2923 difficultate
762 2859 817 2922 sui
846 2866 978 2922 mentes
1009 2859 1198 2940 legentium

247 2969 401 3038 exercet,
416 2961 470 3024 his
485 2961 618 3037 diebus,
633 2958 1020 3040 lingua‘interpretatus
1037 2958 1200 3040 Anglica,

250 3060 494 3126 condescendit
518 3059 633 3122 minus
654 3059 795 3123 imbutis
816 3057 962 3123 Latina:
986 3059 1200 3142 subindeque

249 3162 413 3225 monebat
437 3158 637 3241 discipulos,
652 3159 782 3235 dicens,
801 3157 970 3236 ‘Discite
985 3159 1095 3236 filioli,
1118 3159 1200 3221 dum
1226 3156 1228 3161 ’

251 3260 430 3324 vobiscum
450 3278 546 3338 sum;
575 3258 692 3323 nescio
716 3259 806 3322 enim
820 3259 985 3340 quamdiu
1000 3260 1199 3336 subsistam,

249 3367 286 3423 et
307 3361 338 3424 si
359 3367 440 3443 post
469 3358 641 3422 modicum
670 3356 772 3421 tollat
799 3378 853 3421 me
878 3359 1006 3422 Factor
1031 3377 1139 3434 meus,
1165 3365 1200 3421 et

248 3467 446 3524 revertatur
469 3458 611 3540 spiritus
625 3475 721 3520 meus
736 3457 780 3521 ad
796 3477 875 3519 eum
899 3457 959 3538 qui
982 3457 1077 3520 misit
1089 3457 1201 3534 illum,

249 3558 335 3622 etin
350 3557 440 3622 hanc
455 3559 562 3622 vitam
579 3557 697 3622 venire
714 3555 904 3635 concessit3
933 3555 993 3618 diu
1010 3555 1097 3632 vixi,
1114 3556 1201 3618 bene

246 3659 424 3723 consuluit
440 3657 524 3721 mibi
539 3657 710 3721 Dominus
725 3674 822 3718 meus
838 3655 873 3717 in
889 3655 954 3718 hoc
970 3655 1052 3718 vitae
1064 3654 1200 3738 spatio:

250 3757 353 3840 cupio
365 3758 441 3842 jam
455 3757 599 3821 dissolvi
614 3762 649 3820 et
663 3773 739 3819 esse
756 3775 834 3818 cum
851 3753 1013 3820 Christo!

286 3946 338 3997 ¹Iu
355 3948 417 3997 libro
440 3947 512 3996 tertio
533 3961 605 4009 saper
627 3947 714 3996 Suma-
773 3944 930 4010 ²Tempore.]
954 3947 989 3996 D.
1002 3947 1034 3996 E.
1047 3948 1102 4007 M.;
1119 3947 1204 4006 proxi-

249 4018 329 4081 elrm.]
341 4015 713 4076 Thesentimentisexpressed
739 4031 780 4064 mo
801 4021 922 4077 tempore,
944 4014 978 4065 A.
996 4017 1026 4065 C.
1046 4017 1094 4076 L.;
1122 4017 1204 4076 primo

250 4089 277 4136 in
287 4089 330 4136 the
341 4088 463 4150 prologue
474 4092 499 4135 to
511 4087 553 4134 the
568 4086 621 4134 first
638 4085 713 4145 book,
739 4090 861 4147 tempore,
874 4085 903 4134 S.

250 4159 444 4219 ‘Expositionis
459 4156 611 4218 Allegoricae
627 4155 653 4204 in
669 4155 714 4203 Sa·
1208 4183 1209 4186 =

249 4230 358 4277 muelem
369 4226 536 4288 prophetam,'
546 4241 572 4287 p.
584 4230 643 4286 208,
654 4231 713 4274 tom.
773 4221 784 4254 ³
794 4223 948 4288 Excedunt]
966 4225 996 4275 G.
1005 4224 1040 4277 D.
1053 4225 1102 4286 E.;
1120 4226 1203 4274 excel·

252 4311 342 4348 111.-1v.
356 4299 435 4346 ssedae
448 4297 499 4360 0p.
514 4297 574 4344 Bas.
587 4299 659 4346 1563.
742 4294 800 4356 luit,
811 4293 844 4344 A.
858 4295 886 4344 S.
899 4294 930 4344 L.
