3128 4976
397 486 463 550 236
620 497 1121 548 cnsrrnncuunucnouuu.
1208 483 1294 563 [nm.
1312 499 1347 544 11.

399 677 480 720 num
512 665 547 721 et
571 656 802 720 necessarium
826 655 949 737 patriae
973 654 1103 737 aliquid
1126 654 1257 732 fecerit,
1281 676 1348 738 quo

400 777 470 820 non
499 757 745 819 monasterium
780 773 909 818 novum
942 754 1150 818 fundaverit.
1221 755 1347 819 Nullas

399 856 542 919 insidias
564 856 842 931 domesticorum,
865 854 998 918 nullum
1019 855 1261 918 exterminium
1285 856 1346 917 ali·

399 975 555 1032 enorum,
585 955 704 1020 sensit.
758 953 893 1034 Regem
923 952 1121 1016 Scottorum
1148 953 1348 1042 Kinadium,

401 1053 631 1118 cumbrorum
658 1053 895 1130 Malcolmnm,
920 1046 1182 1133 ¹archipiratam
1207 1052 1348 1118 Mascu-

401 1154 501 1231 sium,
525 1172 712 1235 omnesque
737 1171 835 1234 reges
860 1152 1090 1228 Walensium,
1113 1142 1260 1233 quorum
1286 1170 1348 1216 no-

401 1254 495 1317 mina
508 1253 603 1317 luere
619 1252 763 1328 Dufnal‚
781 1249 931 1328 Giserth,
954 1250 1088 1326 Huual,
1101 1250 1225 1329 Jacob,
1239 1251 1347 1315 Jude-

402 1353 480 1430 thil,
504 1353 547 1416 ad
572 1353 702 1416 curiam
726 1358 877 1427 coactos,
900 1369 970 1414 uno
988 1357 1024 1414 et
1042 1357 1210 1432 perpetuo
1233 1369 1348 1415 sacra-

402 1460 519 1517 mento
547 1453 613 1515 sibi
636 1451 825 1531 obligavit3
852 1449 938 1514 adeo
963 1457 1014 1527 ut,
1041 1449 1132 1532 apud
1155 1443 1347 1514 ²civitatem

402 1552 593 1634 legionum
611 1551 677 1614 sibi
690 1557 922 1626 occurrentes,
946 1550 983 1613 in
1008 1568 1170 1632 pompam
1184 1551 1349 1632 triumphi

402 1645 477 1734 ³per
493 1651 638 1715 fluvium
654 1651 708 1714 De
722 1650 801 1714 illos
819 1648 1014 1712 deduceret.
1070 1649 1148 1712 Una
1162 1648 1253 1714 enim
1267 1651 1347 1714 navi

401 1751 594 1833 impositos,
606 1751 681 1833 ipse
696 1748 741 1812 ad
757 1767 894 1831 proram
909 1748 1033 1811 sedens
1056 1749 1223 1829 remigare
1246 1769 1346 1831 coge·

401 1851 482 1930 bat;
506 1869 568 1931 per
598 1849 664 1912 hoc
686 1855 864 1912 ostentans
880 1848 1032 1929 regalem
1047 1849 1348 1929 magnificentiam,

402 1950 463 2030 qui
500 1945 690 2033 subjectam
729 1947 871 2011 haberet
898 1954 952 2011 tot
984 1966 1103 2029 regum
1145 1943 1346 2030 potentiam.

404 2048 564 2130 Denique
589 2047 699 2111 fertur
724 2047 855 2110 dixisse
880 2053 963 2110 tunc
986 2047 1122 2110 demum
1144 2065 1246 2130 posse
1270 2068 1347 2112 suc·

372 2155 375 2162 ’
402 2166 556 2212 cessores
581 2165 664 2212 suos
687 2146 829 2227 gloriari
852 2164 889 2209 se
915 2165 1015 2228 reges
1037 2144 1232 2227 Anglorum
1260 2166 1347 2224 esse,

401 2267 479 2310 cnm
524 2254 623 2310 tanta
666 2246 835 2309 honorum
874 2247 1108 2326 praerogativa
1142 2245 1347 2312 fruerentur.

403 2346 504 2409 Unde
518 2347 648 2410 factum
671 2353 736 2422 est,
754 2352 805 2422 ut,
823 2344 916 2408 fama
938 2344 1013 2428 ejus
1036 2364 1173 2428 perora
1196 2348 1347 2409 omnium

401 2447 581 2522 volitante,
616 2445 833 2526 alienigenae,
862 2443 1031 2521 Saxones
1057 2444 1260 2522 Flandritae,
1281 2446 1347 2527 ipsi
1394 2433 1401 2444 '

399 2546 503 2608 etiam
519 2544 625 2625 Dani,
643 2544 708 2608 huc
717 2546 917 2626 frequenter
929 2544 1191 2625 annavigarent,
1206 2544 1345 2626 Edgaro

398 2645 587 2710 familiares
603 2644 731 2708 effecti:
750 2662 896 2725 quorum
910 2643 1080 2707 adventus
1094 2663 1258 2725 magnum
1267 2665 1346 2726 pro·

400 2745 605 2809 vincialibus
620 2744 863 2808 detrimentum
885 2743 1031 2825 peperit,
1054 2743 1182 2824 quoda
1198 2742 1345 2807 Saxoni-

399 2845 464 2907 bus
488 2846 681 2908 animorum
708 2842 920 2906 inconditam
945 2841 1170 2919 ferocitatem,
1194 2862 1216 2906 a
1240 2844 1345 2907 Flan-

350 3011 353 3017 ,
399 2943 498 3006 dritis
521 2961 702 3025 corporum
725 2961 884 3005 enervem
901 2941 1092 3019 mollitiem,
1113 2943 1261 3006 aDanis
1283 2963 1345 3025 po-

398 3044 567 3105 tationem
590 3042 784 3121 discerent3
813 3041 969 3104 homines
991 3041 1138 3105 antehac
1157 3043 1193 3104 in
1218 3042 1346 3106 talibus

396 3138 537 3221 integri,
563 3147 599 3204 et
624 3141 776 3203 naturali
810 3141 1032 3222 simplicitate
1061 3159 1126 3204 sua
1156 3140 1346 3218 defensare,

397 3239 511 3303 aliena
523 3259 593 3302 non
609 3240 738 3303 mirari.
792 3239 878 3303 Inde
901 3240 1024 3302 merito
1034 3240 1182 3324 jureque
1205 3241 1347 3323 culpant

397 3359 475 3402 eum
505 3340 640 3418 literae;
674 3358 754 3403 nam
788 3346 932 3402 caeteras
957 3338 1128 3416 infamias
1155 3359 1243 3421 quas
1265 3347 1346 3422 post

396 3440 520 3518 dicam,
536 3439 647 3522 magis
661 3445 900 3522 resperserunt
914 3439 1108 3503 cantilenae.

431 3719 439 3752 ¹
463 3721 651 3784 Archipirctcm
677 3719 859 3781 Mercurium]
885 3717 946 3780 ret]
974 3717 1003 3765 S.
1025 3719 1082 3766 02.
1100 3718 1133 3767 Ε.
1152 3718 1205 3779 L.;
1228 3734 1274 3780 per
1301 3720 1348 3768 flu·

393 3791 519 3839 ‘Maccus
539 3791 705 3851 plurimarum
725 3803 771 3837 rex
790 3792 860 3838 insu·
885 3788 955 3834 vium
973 3787 1066 3836 Deiros
1082 3787 1230 3850 deduceret,
1247 3789 1281 3838 Δ.
1294 3789 1347 3850 D.;

394 3861 496 3910 larum*
512 3860 593 3926 (Flor.
602 3856 729 3923 Wigoru.)
885 3870 931 3917 per
944 3857 1048 3905 fluvium
1063 3856 1122 3906 illos
1132 3858 1279 3920 deduceret,
1292 3861 1346 3908 Cl.

430 3929 441 3956 ²
461 3930 595 3979 Civitatem
612 3922 774 3997 Legionem]
800 3926 819 3974 i.
837 3940 859 3975 e.
886 3926 979 3974 —The
1002 3927 1154 3976 celebratior
1172 3928 1202 3976 os
1221 3929 1347 3990 Eadgar’s

398 4000 514 4050 Chester.
884 3997 994 4058 triumph
1012 4012 1044 4045 on
1055 3998 1098 4046 the
1110 3997 1165 4047 Dee
1181 3999 1303 4048 occurred
1320 4000 1346 4046 in

428 4068 438 4098 ³
450 4071 502 4120 Per
516 4070 625 4135 flurium
637 4070 676 4118 De
692 4069 747 4117 ilice
758 4068 858 4116 deduce·
884 4067 924 4114 the
936 4081 998 4127 year
1009 4071 1067 4118 973.
