3128 4976
211 527 279 572 nie.
298 507 354 588 11.]
431 524 544 572 essm
569 525 695 573 ancon
720 525 935 574 succorum
1098 513 1163 577 251

266 683 374 766 §155.
400 681 520 765 Hujus
545 683 701 747 vaticinii
718 683 899 747 veritatem
922 683 1025 747 lectio
1048 692 1164 765 poste·
1177 707 1276 757 sargan

214 783 284 846 rior
308 781 508 864 patefaciet.
557 781 779 846 Considerari
795 802 878 864 ergo
894 782 996 845 debet
1010 787 1165 865 parentis
1176 759 1304 849 illim

215 888 250 945 et
272 882 380 964 prolis
397 880 594 944 indubitata
617 883 797 957 sanctitas,
816 881 909 963 quod
935 880 1024 944 alter
1040 883 1166 948 viderit

217 973 367 1062 aenigma
381 979 532 1061 vigilans
552 981 627 1044 sine
652 980 845 1057 obstaculo,
863 986 899 1043 et
920 980 1032 1044 altera
1051 982 1165 1046 solve·

216 1079 262 1143 rit
287 1079 464 1162 problema
486 1079 529 1142 de
551 1078 655 1161 longe
673 1086 833 1163 porrecto
854 1078 1046 1162 prophetiae
1070 1075 1164 1144 ¹ocu·

216 1179 271 1259 103
289 1179 538 1258 sanctitatique
555 1198 690 1242 morum
705 1178 981 1243 communicabat
998 1182 1164 1244 severita-

217 1278 263 1342 tis
291 1278 493 1340 animositas
517 1271 576 1340 ²ut
599 1276 733 1341 nullum
755 1277 991 1361 cujuscunque
1013 1278 1165 1360 dignita-

218 1379 264 1441 tis
290 1377 463 1440 bominem
488 1376 583 1458 leges
608 1376 748 1440 eludere
776 1378 916 1459 impune
938 1379 1164 1459 permitteret.

219 1476 333 1540 Nemo
350 1476 427 1559 ejus
450 1482 604 1558 tempore
627 1474 786 1558 privatus
810 1476 913 1552 latro,
939 1495 1039 1540 nemo
1054 1497 1165 1560 popu·

215 1575 298 1639 laris
314 1575 445 1657 praedo,
470 1574 537 1638 nisi
561 1573 621 1657 qui
646 1573 765 1638 mallet
789 1576 826 1638 in
851 1574 1008 1638 fortunas
1034 1576 1166 1640 alienas

217 1675 369 1756 grassari
410 1674 559 1755 propriae
598 1674 681 1738 vitae
722 1673 913 1755 dispendio.
983 1673 1166 1752 Quomodo

219 1774 310 1836 enim
335 1792 441 1836 ausus
457 1766 651 1839 ⁸homiuum
673 1773 878 1854 praeteriret,
896 1773 957 1854 qui
972 1774 1077 1837 etiam
1092 1794 1166 1838 om·

220 1873 273 1936 nis
291 1873 427 1954 generis
451 1871 542 1935 seras
566 1872 745 1954 sanguinis
766 1872 886 1936 avidas
909 1891 955 1936 ex
973 1891 1081 1953 regno
1106 1892 1168 1936 ex-

219 1972 404 2035 terminare
420 1971 602 2052 cogitaret,
616 1971 640 2035 J
642 1971 839 2052 udvaloque
861 1971 935 2052 regi
951 1971 1169 2036 Walensium

219 2071 369 2135 edietum
393 2069 596 2153 imposuerit
621 2076 661 2133 ut
691 2071 756 2134 sibi
787 2072 975 2151 quotannis
1003 2073 1170 2136 tributum

219 2177 449 2234 trecentorum
463 2169 620 2250 luporum
633 2169 844 2251 pensitaret3
859 2169 951 2249 quod
967 2188 1045 2232 cum
1060 2171 1171 2235 tribus

219 2269 320 2331 annis
342 2267 492 2344 fecisset,
514 2275 639 2348 quarto
660 2268 805 2345 destitit,
825 2267 960 2330 nullum
974 2287 1013 2331 se
1026 2269 1171 2333 ulterius

219 2386 321 2450 posse
334 2367 490 2431 invenire
503 2366 691 2449 professus

273 2466 379 2549 §lod
404 2465 582 2529 Praeterea
602 2466 696 2542 licet,
720 2471 759 2528 ut
783 2464 903 2541 fertur,
928 2472 1071 2528 staturae
1096 2465 1171 2529 fue·

221 2566 267 2629 rit
293 2572 329 2628 et
356 2564 581 2647 corpulentiae
604 2565 779 2646 perexilis
802 2570 919 2627 tantas
942 2566 1033 2628 vires
1054 2566 1090 2629 in
1111 2565 1172 2628 illo

219 2664 424 2745 corpusculo
450 2664 607 2745 dignatio
632 2670 766 2726 naturae
794 2662 993 2739 incluserat,
1019 2672 1059 2727 ut
1080 2663 1173 2727 ultro

220 2764 263 2827 ad
287 2761 576 2844 congrediendum
596 2762 784 2826 lacesceret
805 2781 1043 2843 quemcunque
1065 2763 1173 2826 auda-

221 2881 295 2926 cem
312 2869 451 2940 nosset;
474 2861 540 2925 hoe
562 2862 714 2925 maxime
737 2863 875 2937 timens,
899 2880 942 2923 ne
966 2861 1002 2924 in
1025 2861 1089 2925 tali
1102 2857 1172 2925 col-

222 2961 315 3025 ludio
342 2963 531 3025 timeretur.
584 2960 744 3042 Denique
767 2961 803 3023 in
828 2959 977 3041 quodam
1002 2961 1173 3038 convivio,

225 3186 247 3232 C
255 3189 279 3234 2.
290 3200 297 3234 :
308 3183 395 3232 ‘Idem
406 3197 452 3232 rex
460 3182 588 3244 Edgarus‚
597 3182 689 3231 silvam
713 3181 777 3229 totis
796 3181 914 3243 honinem
935 3183 1001 3244 leges
1018 3183 1113 3232 eludere
1128 3183 1175 3232 im·

225 3255 353 3314 quandam
379 3254 510 3314 ingressus
539 3253 621 3314 gratia
646 3267 690 3300 re·
710 3265 776 3313 puae
784 3251 1174 3314 permitteret.]Eadgar'slaws

224 3323 312 3385 nandi,
322 3321 385 3370 forte
397 3336 484 3369 vocem
495 3322 620 3382 reglentis
631 3335 690 3380 par·
713 3319 752 3367 for
768 3320 811 3368 the
828 3321 990 3381 punishment
1007 3321 1036 3369 of
1051 3323 1176 3371 offenders

226 3392 280 3439 vuli
313 3390 498 3452 depraebendit.
550 3390 604 3440 Qui
631 3389 690 3437 dili-
713 3402 782 3436 were
793 3389 906 3449 borribly
914 3403 1010 3440 severe.
1044 3389 1098 3438 'I'he
1114 3406 1175 3452 eyes

229 3463 316 3521 genter
324 3474 377 3508 rem
388 3459 450 3507 fecit
461 3459 566 3518 inquiri.
601 3458 636 3505 Et
646 3458 690 3506 de·
713 3471 782 3506 were
799 3462 847 3518 put
865 3462 920 3518 out,
935 3459 1036 3506 nostrils
1052 3459 1105 3519 slit,
1118 3474 1175 3508 ears

227 3543 296 3576 mum
323 3529 350 3575 in
378 3527 522 3575 summitate
556 3525 689 3588 cujusdam
713 3530 770 3573 torn
786 3526 830 3585 off,
847 3525 929 3575 hands
947 3527 998 3574 and
1016 3527 1067 3576 leet
1078 3533 1122 3576 cut
1132 3529 1176 3590 off,

227 3597 334 3659 arboris,
348 3597 375 3644 in
387 3597 446 3644 nido
458 3596 562 3657 aquilae,
573 3596 690 3644 inventus
715 3594 766 3642 and
785 3595 882 3657 finally,
892 3595 958 3644 alter
975 3596 1017 3644 the
1037 3598 1107 3657 scalp
1124 3597 1175 3646 had

227 3671 267 3716 est
277 3666 401 3729 puerulus
411 3665 498 3714 formae
508 3665 691 3726 elegantiqge-
714 3665 778 3712 been
805 3667 861 3712 torn
896 3663 939 3726 off,
973 3665 1016 3713 the
1043 3668 1176 3716 miserable

226 3737 302 3785 minis
318 3735 424 3784 armillis
436 3736 462 3782 in
472 3734 585 3783 brachiis
596 3739 622 3782 et
632 3734 691 3782 aliis
715 3733 840 3782 wretches
858 3748 927 3782 were
949 3733 996 3782 left
1016 3737 1129 3797 exposed
1150 3742 1177 3785 to

226 3804 691 3866 ornamentisregiisinsignitus,quasi
716 3803 786 3852 birds
797 3803 957 3852 orbeastsof
964 3819 1035 3866 prey.
1071 3805 1104 3854 V.
1110 3806 1178 3854 Acta

226 3875 253 3923 in
272 3875 373 3936 signum
390 3887 494 3922 summae
511 3873 692 3935 ingenuitatis3
717 3873 762 3922 SS.
784 3872 840 3922 Jul.
858 3877 884 3933 2,
906 3874 933 3920 in
951 3874 1012 3922 Vita
1034 3875 1177 3934 swyuuni.

192 3964 200 3974 ·
228 3959 304 4005 quem
319 3959 365 3992 rex
376 3942 513 4005 diligenter
523 3943 656 4003 nutritum,
666 3947 693 3990 et
717 3939 837 4007 (Sbarpe,
848 3939 919 4006 lea.)
939 3942 986 3990 See
997 3957 1065 3992 some
1076 3944 1178 3993 olEad-

227 4028 326 4063 summo
342 4013 427 4062 studio
438 4011 576 4076 eruditum,
589 4012 692 4060 tandem
718 4011 785 4072 gar's
801 4011 890 4074 Laws,
905 4011 1002 4060 Decem
1018 4013 1110 4074 Script.
1127 4015 1178 4064 vol.

228 4083 345 4143 provexit
355 4083 382 4130 in
392 4081 527 4131 comitem!
718 4093 737 4130 1.
749 4080 797 4129 col.
809 4084 866 4130 871.

264 4148 389 4210 ¹0colo.]
418 4152 448 4200 C.
466 4150 501 4199 D.
520 4151 553 4199 Ε.
571 4150 690 4210 L.;ora·

230 4225 298 4282 culo,
309 4218 343 4270 A.
356 4220 385 4270 S.
752 4214 932 4282 ⁸Hominum]
944 4218 977 4269 A.
990 4220 1019 4271 S.
1034 4221 1063 4271 C.
1076 4221 1111 4271 D.
1123 4221 1147 4269 E
1154 4225 1179 4271 2.

264 4289 273 4319 ²
289 4292 324 4339 Ut
335 4291 428 4340 sallum
439 4289 598 4352 comtusque
609 4287 692 4350 digni·
718 4287 767 4347 L.;
784 4288 887 4336 omitted
899 4289 925 4336 in
936 4289 969 4338 E.
