<?xml version="1.0" encoding="UTF-8"?>
<!DOCTYPE html PUBLIC "-//W3C//DTD XHTML 1.0 Transitional//EN"
    "http://www.w3.org/TR/xhtml1/DTD/xhtml1-transitional.dtd">
<html xmlns="http://www.w3.org/1999/xhtml" xml:lang="en" lang="en">
 <head>
  <title>
</title>
<meta http-equiv="Content-Type" content="text/html;charset=utf-8" />
  <meta name='ocr-system' content='tesseract 3.04.00' />
  <meta name='ocr-capabilities' content='ocr_page ocr_carea ocr_par ocr_line ocrx_word'/>
</head>
<body>
  <div class='ocr_page' id='page_1' title='image "./willelmimalmesb00willgoog_0358.png"; bbox 0 0 3112 4968; ppageno 0'>
   <div class='ocr_carea' id='block_1_1' title="bbox 357 491 1309 572">
    <p class='ocr_par' dir='ltr' id='par_1_1' title="bbox 357 491 1309 572">
     <span class='ocr_line' id='line_1_1' title="bbox 357 491 1309 572; baseline -0.007 -12"><span class='ocrx_word' id='word_1_1' title='bbox 357 495 423 560; x_wconf 76' lang='lat'>342</span> <span class='ocrx_word' id='word_1_2' title='bbox 574 509 688 558; x_wconf 71' lang='lat' dir='ltr'>ossan</span> <span class='ocrx_word' id='word_1_3' title='bbox 711 508 838 556; x_wconf 83' lang='lat' dir='ltr'>aucun</span> <span class='ocrx_word' id='word_1_4' title='bbox 862 507 1074 556; x_wconf 77' lang='lat' dir='ltr'>nnenonun.</span> <span class='ocrx_word' id='word_1_5' title='bbox 1164 491 1248 572; x_wconf 80' lang='lat' dir='ltr'>[nm.</span> <span class='ocrx_word' id='word_1_6' title='bbox 1270 506 1309 553; x_wconf 88' lang='lat'>11.</span> 
     </span>
    </p>
   </div>
   <div class='ocr_carea' id='block_1_2' title="bbox 199 661 1329 3238">
    <p class='ocr_par' dir='ltr' id='par_1_2' title="bbox 199 661 1316 1346">
     <span class='ocr_line' id='line_1_2' title="bbox 199 661 1310 779; baseline 0 -53"><span class='ocrx_word' id='word_1_7' title='bbox 199 685 336 779; x_wconf 47' lang='lat' dir='ltr'>agidam</span> <span class='ocrx_word' id='word_1_8' title='bbox 413 665 523 750; x_wconf 65' lang='grc'><strong>5200.</strong></span> <span class='ocrx_word' id='word_1_9' title='bbox 546 664 685 729; x_wconf 82' lang='lat' dir='ltr'>Habuit</span> <span class='ocrx_word' id='word_1_10' title='bbox 709 665 829 748; x_wconf 89' lang='lat' dir='ltr'>primis</span> <span class='ocrx_word' id='word_1_11' title='bbox 854 664 955 728; x_wconf 90' lang='lat' dir='ltr'>annis</span> <span class='ocrx_word' id='word_1_12' title='bbox 977 683 1123 728; x_wconf 86' lang='lat' dir='ltr'>uxorem</span> <span class='ocrx_word' id='word_1_13' title='bbox 1138 661 1310 728; x_wconf 87' lang='lat' dir='ltr'>Cnutonis</span> 
     </span>
     <span class='ocr_line' id='line_1_3' title="bbox 201 763 1311 848; baseline -0.004 -18"><span class='ocrx_word' id='word_1_14' title='bbox 201 789 284 830; x_wconf 66' lang='lat' dir='ltr'>suma.</span> <span class='ocrx_word' id='word_1_15' title='bbox 363 786 528 842; x_wconf 87' lang='lat' dir='ltr'>sororem,</span> <span class='ocrx_word' id='word_1_16' title='bbox 550 785 596 829; x_wconf 83' lang='lat' dir='ltr'>ex</span> <span class='ocrx_word' id='word_1_17' title='bbox 622 785 691 847; x_wconf 88' lang='lat' dir='ltr'>qna</span> <span class='ocrx_word' id='word_1_18' title='bbox 714 785 858 848; x_wconf 87' lang='lat' dir='ltr'>puerum</span> <span class='ocrx_word' id='word_1_19' title='bbox 885 771 1071 847; x_wconf 84' lang='lat' dir='ltr'>genuerat;</span> <span class='ocrx_word' id='word_1_20' title='bbox 1095 763 1167 845; x_wconf 92' lang='lat' dir='ltr'>qni,</span> <span class='ocrx_word' id='word_1_21' title='bbox 1191 763 1311 845; x_wconf 89' lang='lat' dir='ltr'>primis</span> 
     </span>
     <span class='ocr_line' id='line_1_4' title="bbox 309 864 1310 950; baseline -0.005 -20"><span class='ocrx_word' id='word_1_22' title='bbox 309 899 312 905; x_wconf 93' lang='lat'>·</span> <span class='ocrx_word' id='word_1_23' title='bbox 364 867 523 950; x_wconf 84' lang='lat' dir='ltr'>pueritiae</span> <span class='ocrx_word' id='word_1_24' title='bbox 545 866 645 928; x_wconf 84' lang='lat' dir='ltr'>annis</span> <span class='ocrx_word' id='word_1_25' title='bbox 673 866 833 942; x_wconf 79' lang='lat' dir='ltr'>emensiS,</span> <span class='ocrx_word' id='word_1_26' title='bbox 850 864 931 929; x_wconf 90' lang='lat' dir='ltr'>dum</span> <span class='ocrx_word' id='word_1_27' title='bbox 953 883 1043 945; x_wconf 88' lang='lat' dir='ltr'>equo</span> <span class='ocrx_word' id='word_1_28' title='bbox 1058 883 1161 946; x_wconf 88' lang='lat' dir='ltr'>quem</span> <span class='ocrx_word' id='word_1_29' title='bbox 1184 864 1310 926; x_wconf 85' lang='lat' dir='ltr'>abavo</span> 
     </span>
     <span class='ocr_line' id='line_1_5' title="bbox 367 963 1312 1049; baseline -0.005 -19"><span class='ocrx_word' id='word_1_30' title='bbox 367 971 548 1048; x_wconf 87' lang='lat' dir='ltr'>acceperat</span> <span class='ocrx_word' id='word_1_31' title='bbox 563 965 688 1047; x_wconf 90' lang='lat' dir='ltr'>puerili</span> <span class='ocrx_word' id='word_1_32' title='bbox 706 965 881 1049; x_wconf 85' lang='lat' dir='ltr'>jactantia</span> <span class='ocrx_word' id='word_1_33' title='bbox 903 964 1107 1046; x_wconf 89' lang='lat' dir='ltr'>superbiret,</span> <span class='ocrx_word' id='word_1_34' title='bbox 1131 963 1312 1026; x_wconf 85' lang='lat' dir='ltr'>abeodem</span> 
     </span>
     <span class='ocr_line' id='line_1_6' title="bbox 366 1058 1312 1146; baseline -0.004 -17"><span class='ocrx_word' id='word_1_35' title='bbox 366 1066 403 1129; x_wconf 93' lang='lat' dir='ltr'>in</span> <span class='ocrx_word' id='word_1_36' title='bbox 420 1058 612 1128; x_wconf 79' lang='lat' dir='ltr'>¹&#39;l&#39;amesim</span> <span class='ocrx_word' id='word_1_37' title='bbox 628 1071 800 1146; x_wconf 87' lang='lat' dir='ltr'>portatus,</span> <span class='ocrx_word' id='word_1_38' title='bbox 815 1065 981 1146; x_wconf 78' lang='lat' dir='ltr'>voragine</span> <span class='ocrx_word' id='word_1_39' title='bbox 1000 1082 1100 1144; x_wconf 84' lang='lat' dir='ltr'>aquae</span> <span class='ocrx_word' id='word_1_40' title='bbox 1123 1061 1312 1126; x_wconf 86' lang='lat' dir='ltr'>suffocatus</span> 
     </span>
     <span class='ocr_line' id='line_1_7' title="bbox 368 1161 1312 1246; baseline -0.005 -17"><span class='ocrx_word' id='word_1_41' title='bbox 368 1165 520 1229; x_wconf 87' lang='lat' dir='ltr'>interiit:</span> <span class='ocrx_word' id='word_1_42' title='bbox 544 1171 656 1226; x_wconf 89' lang='lat' dir='ltr'>mater</span> <span class='ocrx_word' id='word_1_43' title='bbox 672 1184 822 1246; x_wconf 92' lang='lat' dir='ltr'>quoque,</span> <span class='ocrx_word' id='word_1_44' title='bbox 836 1163 909 1226; x_wconf 89' lang='lat' dir='ltr'>ictu</span> <span class='ocrx_word' id='word_1_45' title='bbox 930 1161 1083 1226; x_wconf 84' lang='lat' dir='ltr'><strong>fulminis</strong></span> <span class='ocrx_word' id='word_1_46' title='bbox 1100 1162 1312 1237; x_wconf 84' lang='lat' dir='ltr'>exanimata,</span> 
     </span>
     <span class='ocr_line' id='line_1_8' title="bbox 369 1262 1316 1346; baseline -0.005 -18"><span class='ocrx_word' id='word_1_47' title='bbox 369 1264 513 1328; x_wconf 86' lang='lat' dir='ltr'>saevitiae</span> <span class='ocrx_word' id='word_1_48' title='bbox 540 1281 663 1346; x_wconf 86' lang='lat' dir='ltr'>poenas</span> <span class='ocrx_word' id='word_1_49' title='bbox 694 1263 818 1343; x_wconf 83' lang='lat' dir='ltr'>solvit3</span> <span class='ocrx_word' id='word_1_50' title='bbox 851 1263 945 1345; x_wconf 93' lang='lat' dir='ltr'>quod</span> <span class='ocrx_word' id='word_1_51' title='bbox 968 1262 1147 1327; x_wconf 83' lang='lat' dir='ltr'>dicebatur</span> <span class='ocrx_word' id='word_1_52' title='bbox 1176 1262 1316 1343; x_wconf 81' lang='lat' dir='ltr'>agmina</span> 
     </span>
    </p>

    <p class='ocr_par' dir='ltr' id='par_1_3' title="bbox 330 1357 1326 2740">
     <span class='ocr_line' id='line_1_9' title="bbox 330 1357 1313 1446; baseline -0.004 -19"><span class='ocrx_word' id='word_1_53' title='bbox 330 1357 334 1364; x_wconf 57' lang='lat'><strong>⁴</strong></span> <span class='ocrx_word' id='word_1_54' title='bbox 369 1363 632 1445; x_wconf 87' lang='lat' dir='ltr'>mancipiorum,</span> <span class='ocrx_word' id='word_1_55' title='bbox 645 1364 681 1426; x_wconf 94' lang='lat' dir='ltr'>in</span> <span class='ocrx_word' id='word_1_56' title='bbox 696 1361 827 1446; x_wconf 81' lang='lat' dir='ltr'>Anglia</span> <span class='ocrx_word' id='word_1_57' title='bbox 837 1373 1008 1444; x_wconf 88' lang='lat' dir='ltr'>coempta,</span> <span class='ocrx_word' id='word_1_58' title='bbox 1023 1361 1313 1425; x_wconf 89' lang='lat' dir='ltr'>Danemarchiam</span> 
     </span>
     <span class='ocr_line' id='line_1_10' title="bbox 371 1460 1317 1545; baseline -0.003 -19"><span class='ocrx_word' id='word_1_59' title='bbox 371 1463 482 1527; x_wconf 88' lang='lat' dir='ltr'>solere</span> <span class='ocrx_word' id='word_1_60' title='bbox 507 1464 655 1539; x_wconf 87' lang='lat' dir='ltr'>mittere,</span> <span class='ocrx_word' id='word_1_61' title='bbox 677 1463 811 1545; x_wconf 90' lang='lat' dir='ltr'>puellas</span> <span class='ocrx_word' id='word_1_62' title='bbox 833 1463 1025 1545; x_wconf 86' lang='lat' dir='ltr'>praesertim</span> <span class='ocrx_word' id='word_1_63' title='bbox 1045 1481 1132 1544; x_wconf 88' lang='lat' dir='ltr'>quas</span> <span class='ocrx_word' id='word_1_64' title='bbox 1154 1460 1259 1525; x_wconf 87' lang='lat' dir='ltr'>decus</span> <span class='ocrx_word' id='word_1_65' title='bbox 1281 1467 1317 1523; x_wconf 86' lang='lat' dir='ltr'>et</span> 
     </span>
     <span class='ocr_line' id='line_1_11' title="bbox 371 1561 1317 1645; baseline -0.003 -19"><span class='ocrx_word' id='word_1_66' title='bbox 371 1569 458 1626; x_wconf 74' lang='lat' dir='ltr'>atas</span> <span class='ocrx_word' id='word_1_67' title='bbox 468 1562 688 1645; x_wconf 86' lang='lat' dir='ltr'>pretiosiores</span> <span class='ocrx_word' id='word_1_68' title='bbox 702 1562 866 1640; x_wconf 85' lang='lat' dir='ltr'>facerent,</span> <span class='ocrx_word' id='word_1_69' title='bbox 880 1565 1051 1626; x_wconf 75' lang='lat' dir='ltr'>uteorum</span> <span class='ocrx_word' id='word_1_70' title='bbox 1066 1561 1211 1625; x_wconf 84' lang='lat' dir='ltr'>deformi</span> <span class='ocrx_word' id='word_1_71' title='bbox 1223 1580 1317 1624; x_wconf 89' lang='lat' dir='ltr'>com·</span> 
     </span>
     <span class='ocr_line' id='line_1_12' title="bbox 372 1655 1316 1746; baseline -0.003 -21"><span class='ocrx_word' id='word_1_72' title='bbox 372 1663 499 1726; x_wconf 85' lang='lat' dir='ltr'>morcio</span> <span class='ocrx_word' id='word_1_73' title='bbox 510 1662 666 1725; x_wconf 89' lang='lat' dir='ltr'>cumulos</span> <span class='ocrx_word' id='word_1_74' title='bbox 682 1682 786 1746; x_wconf 92' lang='lat' dir='ltr'>opum</span> <span class='ocrx_word' id='word_1_75' title='bbox 803 1669 996 1745; x_wconf 82' lang='lat' dir='ltr'>aggeraret.</span> <span class='ocrx_word' id='word_1_76' title='bbox 1027 1655 1134 1725; x_wconf 87' lang='lat' dir='ltr'>²Post</span> <span class='ocrx_word' id='word_1_77' title='bbox 1150 1661 1227 1744; x_wconf 86' lang='lat' dir='ltr'>ejus</span> <span class='ocrx_word' id='word_1_78' title='bbox 1242 1661 1316 1723; x_wconf 95' lang='lat' dir='ltr'>obi-</span> 
     </span>
     <span class='ocr_line' id='line_1_13' title="bbox 372 1759 1317 1846; baseline -0.005 -20"><span class='ocrx_word' id='word_1_79' title='bbox 372 1769 446 1826; x_wconf 90' lang='lat' dir='ltr'>tum</span> <span class='ocrx_word' id='word_1_80' title='bbox 473 1761 578 1825; x_wconf 87' lang='lat' dir='ltr'>aliam</span> <span class='ocrx_word' id='word_1_81' title='bbox 600 1761 714 1839; x_wconf 86' lang='lat' dir='ltr'>duxit,</span> <span class='ocrx_word' id='word_1_82' title='bbox 736 1763 835 1846; x_wconf 89' lang='lat' dir='ltr'>cujus</span> <span class='ocrx_word' id='word_1_83' title='bbox 851 1781 959 1843; x_wconf 82' lang='lat' dir='ltr'>genus</span> <span class='ocrx_word' id='word_1_84' title='bbox 985 1781 1055 1824; x_wconf 93' lang='lat' dir='ltr'>non</span> <span class='ocrx_word' id='word_1_85' title='bbox 1082 1759 1251 1842; x_wconf 84' lang='lat' dir='ltr'>comperi3</span> <span class='ocrx_word' id='word_1_86' title='bbox 1274 1760 1317 1822; x_wconf 91' lang='lat' dir='ltr'>de</span> 
     </span>
     <span class='ocr_line' id='line_1_14' title="bbox 374 1859 1318 1942; baseline -0.003 -19"><span class='ocrx_word' id='word_1_87' title='bbox 374 1879 444 1942; x_wconf 92' lang='lat' dir='ltr'>qua</span> <span class='ocrx_word' id='word_1_88' title='bbox 458 1861 584 1924; x_wconf 89' lang='lat' dir='ltr'>liberos</span> <span class='ocrx_word' id='word_1_89' title='bbox 598 1860 915 1938; x_wconf 87' lang='lat' dir='ltr'>tulit‚·Haroldum,</span> <span class='ocrx_word' id='word_1_90' title='bbox 930 1861 1106 1937; x_wconf 89' lang='lat' dir='ltr'>Swanum,</span> <span class='ocrx_word' id='word_1_91' title='bbox 1120 1859 1318 1935; x_wconf 83' lang='lat' dir='ltr'>Tostinum,</span> 
     </span>
     <span class='ocr_line' id='line_1_15' title="bbox 373 1958 1320 2038; baseline -0.003 -14"><span class='ocrx_word' id='word_1_92' title='bbox 373 1959 599 2036; x_wconf 78' lang='lat' dir='ltr'>wulnodum,</span> <span class='ocrx_word' id='word_1_93' title='bbox 638 1960 813 2038; x_wconf 88' lang='lat' dir='ltr'>Girtbam,</span> <span class='ocrx_word' id='word_1_94' title='bbox 844 1960 1071 2025; x_wconf 87' lang='lat' dir='ltr'>Leofwinnm.</span> <span class='ocrx_word' id='word_1_95' title='bbox 1140 1958 1320 2023; x_wconf 87' lang='lat' dir='ltr'>Haroldus</span> 
     </span>
     <span class='ocr_line' id='line_1_16' title="bbox 375 2059 1320 2143; baseline -0.002 -21"><span class='ocrx_word' id='word_1_96' title='bbox 375 2067 455 2141; x_wconf 88' lang='lat' dir='ltr'>post</span> <span class='ocrx_word' id='word_1_97' title='bbox 469 2060 677 2123; x_wconf 88' lang='lat' dir='ltr'>Edwardum</span> <span class='ocrx_word' id='word_1_98' title='bbox 697 2080 761 2124; x_wconf 87' lang='lat' dir='ltr'>rex</span> <span class='ocrx_word' id='word_1_99' title='bbox 777 2061 911 2143; x_wconf 86' lang='lat' dir='ltr'>aliquot</span> <span class='ocrx_word' id='word_1_100' title='bbox 931 2061 1106 2124; x_wconf 88' lang='lat' dir='ltr'>mensibus</span> <span class='ocrx_word' id='word_1_101' title='bbox 1128 2059 1206 2135; x_wconf 89' lang='lat' dir='ltr'>fuit,</span> <span class='ocrx_word' id='word_1_102' title='bbox 1228 2064 1274 2135; x_wconf 90' lang='lat' dir='ltr'>et,</span> <span class='ocrx_word' id='word_1_103' title='bbox 1298 2077 1320 2120; x_wconf 90' lang='lat' dir='ltr'>a</span> 
     </span>
     <span class='ocr_line' id='line_1_17' title="bbox 376 2158 1320 2242; baseline -0.003 -19"><span class='ocrx_word' id='word_1_104' title='bbox 376 2158 553 2223; x_wconf 91' lang='lat' dir='ltr'>Willelmo</span> <span class='ocrx_word' id='word_1_105' title='bbox 578 2160 671 2242; x_wconf 88' lang='lat' dir='ltr'>apud</span> <span class='ocrx_word' id='word_1_106' title='bbox 698 2159 894 2242; x_wconf 84' lang='lat' dir='ltr'>Hastingas</span> <span class='ocrx_word' id='word_1_107' title='bbox 910 2160 1037 2236; x_wconf 78' lang='lat' dir='ltr'>victua,</span> <span class='ocrx_word' id='word_1_108' title='bbox 1053 2160 1162 2223; x_wconf 86' lang='lat' dir='ltr'>vitam</span> <span class='ocrx_word' id='word_1_109' title='bbox 1185 2165 1222 2222; x_wconf 87' lang='lat' dir='ltr'>et</span> <span class='ocrx_word' id='word_1_110' title='bbox 1242 2177 1320 2239; x_wconf 81' lang='lat' dir='ltr'>reg-</span> 
     </span>
     <span class='ocr_line' id='line_1_18' title="bbox 376 2253 1323 2324; baseline 0 -4"><span class='ocrx_word' id='word_1_111' title='bbox 376 2278 459 2320; x_wconf 91' lang='lat' dir='ltr'>num</span> <span class='ocrx_word' id='word_1_112' title='bbox 489 2279 567 2322; x_wconf 91' lang='lat' dir='ltr'>cum</span> <span class='ocrx_word' id='word_1_113' title='bbox 598 2258 763 2324; x_wconf 86' lang='lat' dir='ltr'>fratribus</span> <span class='ocrx_word' id='word_1_114' title='bbox 796 2260 930 2324; x_wconf 91' lang='lat' dir='ltr'>duobus</span> <span class='ocrx_word' id='word_1_115' title='bbox 957 2253 1164 2323; x_wconf 80' lang='lat' dir='ltr'>³minoribus</span> <span class='ocrx_word' id='word_1_116' title='bbox 1195 2257 1323 2320; x_wconf 86' lang='lat' dir='ltr'>amisit.</span> 
     </span>
     <span class='ocr_line' id='line_1_19' title="bbox 377 2357 1323 2440; baseline -0.001 -20"><span class='ocrx_word' id='word_1_117' title='bbox 377 2357 575 2422; x_wconf 90' lang='lat' dir='ltr'>Wulnodus</span> <span class='ocrx_word' id='word_1_118' title='bbox 594 2378 616 2421; x_wconf 91' lang='lat' dir='ltr'>a</span> <span class='ocrx_word' id='word_1_119' title='bbox 632 2379 714 2440; x_wconf 87' lang='lat' dir='ltr'>rege</span> <span class='ocrx_word' id='word_1_120' title='bbox 730 2360 901 2424; x_wconf 88' lang='lat' dir='ltr'>Edwardo</span> <span class='ocrx_word' id='word_1_121' title='bbox 918 2358 1169 2422; x_wconf 87' lang='lat' dir='ltr'>Normanniam</span> <span class='ocrx_word' id='word_1_122' title='bbox 1185 2359 1323 2433; x_wconf 74' lang='lat' dir='ltr'>missua,</span> 
     </span>
     <span class='ocr_line' id='line_1_20' title="bbox 379 2458 1325 2540; baseline -0.001 -20"><span class='ocrx_word' id='word_1_123' title='bbox 379 2458 470 2538; x_wconf 92' lang='lat' dir='ltr'>quod</span> <span class='ocrx_word' id='word_1_124' title='bbox 496 2477 573 2522; x_wconf 87' lang='lat' dir='ltr'>curn</span> <span class='ocrx_word' id='word_1_125' title='bbox 597 2465 697 2540; x_wconf 87' lang='lat' dir='ltr'>pater</span> <span class='ocrx_word' id='word_1_126' title='bbox 715 2460 867 2523; x_wconf 89' lang='lat' dir='ltr'>obsidem</span> <span class='ocrx_word' id='word_1_127' title='bbox 889 2459 1043 2536; x_wconf 88' lang='lat' dir='ltr'>dederat,</span> <span class='ocrx_word' id='word_1_128' title='bbox 1066 2458 1114 2521; x_wconf 92' lang='lat' dir='ltr'>ibi</span> <span class='ocrx_word' id='word_1_129' title='bbox 1139 2465 1214 2522; x_wconf 91' lang='lat' dir='ltr'>toto</span> <span class='ocrx_word' id='word_1_130' title='bbox 1238 2463 1325 2520; x_wconf 87' lang='lat' dir='ltr'>tem-</span> 
     </span>
     <span class='ocr_line' id='line_1_21' title="bbox 377 2557 1323 2640; baseline 0 -21"><span class='ocrx_word' id='word_1_131' title='bbox 377 2577 462 2638; x_wconf 88' lang='lat' dir='ltr'>poro</span> <span class='ocrx_word' id='word_1_132' title='bbox 494 2557 657 2622; x_wconf 89' lang='lat' dir='ltr'>Edwardi</span> <span class='ocrx_word' id='word_1_133' title='bbox 686 2559 920 2623; x_wconf 84' lang='lat' dir='ltr'>inextricabili</span> <span class='ocrx_word' id='word_1_134' title='bbox 955 2559 1114 2640; x_wconf 84' lang='lat' dir='ltr'>captione</span> <span class='ocrx_word' id='word_1_135' title='bbox 1146 2557 1323 2636; x_wconf 83' lang='lat' dir='ltr'>irretitus3</span> 
     </span>
     <span class='ocr_line' id='line_1_22' title="bbox 377 2657 1326 2740; baseline 0.001 -22"><span class='ocrx_word' id='word_1_136' title='bbox 377 2665 545 2737; x_wconf 81' lang='lat' dir='ltr'>regnante</span> <span class='ocrx_word' id='word_1_137' title='bbox 558 2657 735 2722; x_wconf 90' lang='lat' dir='ltr'>Willelmo</span> <span class='ocrx_word' id='word_1_138' title='bbox 760 2659 796 2720; x_wconf 92' lang='lat' dir='ltr'>in</span> <span class='ocrx_word' id='word_1_139' title='bbox 815 2657 979 2740; x_wconf 78' lang='lat' dir='ltr'>Angliam</span> <span class='ocrx_word' id='word_1_140' title='bbox 995 2657 1170 2734; x_wconf 89' lang='lat' dir='ltr'>remissus,</span> <span class='ocrx_word' id='word_1_141' title='bbox 1192 2657 1229 2719; x_wconf 92' lang='lat' dir='ltr'>in</span> <span class='ocrx_word' id='word_1_142' title='bbox 1249 2657 1326 2719; x_wconf 90' lang='lat' dir='ltr'>viu·</span> 
     </span>
    </p>

    <p class='ocr_par' dir='ltr' id='par_1_4' title="bbox 321 2743 1329 3238">
     <span class='ocr_line' id='line_1_23' title="bbox 321 2743 1324 2839; baseline 0 -21"><span class='ocrx_word' id='word_1_143' title='bbox 321 2743 328 2762; x_wconf 88' lang='lat'>&#39;</span> <span class='ocrx_word' id='word_1_144' title='bbox 379 2757 465 2818; x_wconf 91' lang='lat' dir='ltr'>culis</span> <span class='ocrx_word' id='word_1_145' title='bbox 483 2757 677 2820; x_wconf 86' lang='lat' dir='ltr'>Salesbiriae</span> <span class='ocrx_word' id='word_1_146' title='bbox 693 2759 884 2822; x_wconf 87' lang='lat' dir='ltr'>consenuit.</span> <span class='ocrx_word' id='word_1_147' title='bbox 937 2757 1094 2834; x_wconf 90' lang='lat' dir='ltr'>Swanus,</span> <span class='ocrx_word' id='word_1_148' title='bbox 1108 2756 1262 2839; x_wconf 88' lang='lat' dir='ltr'>perversi</span> <span class='ocrx_word' id='word_1_149' title='bbox 1272 2757 1324 2819; x_wconf 92' lang='lat' dir='ltr'>in-</span> 
     </span>
     <span class='ocr_line' id='line_1_24' title="bbox 379 2855 1326 2939; baseline 0.002 -22"><span class='ocrx_word' id='word_1_150' title='bbox 379 2855 472 2936; x_wconf 83' lang='lat' dir='ltr'>genii</span> <span class='ocrx_word' id='word_1_151' title='bbox 495 2864 530 2919; x_wconf 92' lang='lat' dir='ltr'>et</span> <span class='ocrx_word' id='word_1_152' title='bbox 559 2857 655 2920; x_wconf 91' lang='lat' dir='ltr'>infidi</span> <span class='ocrx_word' id='word_1_153' title='bbox 684 2858 721 2920; x_wconf 95' lang='lat' dir='ltr'>in</span> <span class='ocrx_word' id='word_1_154' title='bbox 745 2877 873 2939; x_wconf 87' lang='lat' dir='ltr'>regem,</span> <span class='ocrx_word' id='word_1_155' title='bbox 899 2858 1099 2921; x_wconf 88' lang='lat' dir='ltr'>multotiens</span> <span class='ocrx_word' id='word_1_156' title='bbox 1123 2875 1145 2918; x_wconf 91' lang='lat' dir='ltr'>a</span> <span class='ocrx_word' id='word_1_157' title='bbox 1168 2862 1268 2938; x_wconf 88' lang='lat' dir='ltr'>patre</span> <span class='ocrx_word' id='word_1_158' title='bbox 1291 2865 1326 2919; x_wconf 92' lang='lat' dir='ltr'>et</span> 
     </span>
     <span class='ocr_line' id='line_1_25' title="bbox 379 2953 1326 3039; baseline 0.002 -23"><span class='ocrx_word' id='word_1_159' title='bbox 379 2953 486 3017; x_wconf 86' lang='lat' dir='ltr'>fratre</span> <span class='ocrx_word' id='word_1_160' title='bbox 504 2954 662 3020; x_wconf 90' lang='lat' dir='ltr'>Haroldo</span> <span class='ocrx_word' id='word_1_161' title='bbox 680 2957 846 3037; x_wconf 84' lang='lat' dir='ltr'>descivit3</span> <span class='ocrx_word' id='word_1_162' title='bbox 865 2966 911 3033; x_wconf 90' lang='lat' dir='ltr'>et,</span> <span class='ocrx_word' id='word_1_163' title='bbox 928 2957 1042 3039; x_wconf 90' lang='lat' dir='ltr'>pirata</span> <span class='ocrx_word' id='word_1_164' title='bbox 1056 2957 1182 3032; x_wconf 87' lang='lat' dir='ltr'>factus,</span> <span class='ocrx_word' id='word_1_165' title='bbox 1200 2955 1326 3036; x_wconf 85' lang='lat' dir='ltr'>praedis</span> 
     </span>
     <span class='ocr_line' id='line_1_26' title="bbox 380 3045 1328 3140; baseline 0.004 -26"><span class='ocrx_word' id='word_1_166' title='bbox 380 3053 524 3116; x_wconf 87' lang='lat' dir='ltr'>marinis</span> <span class='ocrx_word' id='word_1_167' title='bbox 537 3045 684 3118; x_wconf 86' lang='lat' dir='ltr'>virtutes</span> <span class='ocrx_word' id='word_1_168' title='bbox 702 3056 872 3140; x_wconf 87' lang='lat' dir='ltr'>majorum</span> <span class='ocrx_word' id='word_1_169' title='bbox 886 3056 1023 3140; x_wconf 91' lang='lat' dir='ltr'>polluit.</span> <span class='ocrx_word' id='word_1_170' title='bbox 1066 3055 1250 3119; x_wconf 89' lang='lat' dir='ltr'>Postremo</span> <span class='ocrx_word' id='word_1_171' title='bbox 1265 3075 1328 3136; x_wconf 91' lang='lat' dir='ltr'>pro</span> 
     </span>
     <span class='ocr_line' id='line_1_27' title="bbox 381 3147 1329 3238; baseline 0.002 -23"><span class='ocrx_word' id='word_1_172' title='bbox 381 3151 594 3217; x_wconf 90' lang='lat' dir='ltr'>conscientia</span> <span class='ocrx_word' id='word_1_173' title='bbox 607 3147 800 3218; x_wconf 80' lang='lat' dir='ltr'>⁴Brunonis</span> <span class='ocrx_word' id='word_1_174' title='bbox 824 3157 964 3238; x_wconf 86' lang='lat' dir='ltr'>cognati</span> <span class='ocrx_word' id='word_1_175' title='bbox 988 3155 1198 3237; x_wconf 87' lang='lat' dir='ltr'>interempti,</span> <span class='ocrx_word' id='word_1_176' title='bbox 1222 3162 1268 3232; x_wconf 90' lang='lat' dir='ltr'>et,</span> <span class='ocrx_word' id='word_1_177' title='bbox 1288 3162 1329 3217; x_wconf 89' lang='lat' dir='ltr'>ut</span> 
     </span>
    </p>
   </div>
   <div class='ocr_carea' id='block_1_3' title="bbox 380 3381 1329 3521">
    <p class='ocr_par' dir='ltr' id='par_1_5' title="bbox 380 3381 1329 3521">
     <span class='ocr_line' id='line_1_28' title="bbox 412 3381 1328 3453; baseline 0.005 -21"><span class='ocrx_word' id='word_1_178' title='bbox 412 3383 420 3413; x_wconf 92' lang='lat'><strong>¹</strong></span> <span class='ocrx_word' id='word_1_179' title='bbox 443 3381 585 3453; x_wconf 64' lang='lat' dir='ltr'>Tauream]</span> <span class='ocrx_word' id='word_1_180' title='bbox 603 3385 636 3436; x_wconf 80' lang='lat' dir='ltr'>A.</span> <span class='ocrx_word' id='word_1_181' title='bbox 651 3389 681 3437; x_wconf 85' lang='lat' dir='ltr'>C.</span> <span class='ocrx_word' id='word_1_182' title='bbox 693 3388 728 3438; x_wconf 91' lang='lat' dir='ltr'>D.</span> <span class='ocrx_word' id='word_1_183' title='bbox 746 3390 779 3438; x_wconf 84' lang='lat' dir='ltr'>E.</span> <span class='ocrx_word' id='word_1_184' title='bbox 791 3389 821 3438; x_wconf 85' lang='lat' dir='ltr'>L.</span> <span class='ocrx_word' id='word_1_185' title='bbox 834 3405 841 3449; x_wconf 73' lang='grc' dir='ltr'><strong>ς</strong></span> <span class='ocrx_word' id='word_1_186' title='bbox 866 3389 942 3451; x_wconf 80' lang='lat' dir='ltr'>being</span> <span class='ocrx_word' id='word_1_187' title='bbox 954 3389 1062 3438; x_wconf 83' lang='lat' dir='ltr'>anxious</span> <span class='ocrx_word' id='word_1_188' title='bbox 1074 3393 1099 3437; x_wconf 91' lang='lat' dir='ltr'>to</span> <span class='ocrx_word' id='word_1_189' title='bbox 1111 3390 1142 3437; x_wconf 89' lang='lat' dir='ltr'>be</span> <span class='ocrx_word' id='word_1_190' title='bbox 1153 3389 1283 3450; x_wconf 88' lang='lat' dir='ltr'>pardoned</span> <span class='ocrx_word' id='word_1_191' title='bbox 1294 3390 1328 3451; x_wconf 84' lang='lat' dir='ltr'>by</span> 
     </span>
     <span class='ocr_line' id='line_1_29' title="bbox 380 3454 1329 3521; baseline 0.007 -20"><span class='ocrx_word' id='word_1_192' title='bbox 380 3454 507 3502; x_wconf 84' lang='lat' dir='ltr'>Tamesim</span> <span class='ocrx_word' id='word_1_193' title='bbox 518 3456 632 3518; x_wconf 83' lang='lat' dir='ltr'>fluvium,</span> <span class='ocrx_word' id='word_1_194' title='bbox 644 3458 672 3506; x_wconf 79' lang='lat' dir='ltr'>S.</span> <span class='ocrx_word' id='word_1_195' title='bbox 867 3460 909 3507; x_wconf 87' lang='lat' dir='ltr'>the</span> <span class='ocrx_word' id='word_1_196' title='bbox 929 3459 1001 3521; x_wconf 82' lang='lat' dir='ltr'>king,</span> <span class='ocrx_word' id='word_1_197' title='bbox 1012 3459 1044 3508; x_wconf 86' lang='lat' dir='ltr'>he</span> <span class='ocrx_word' id='word_1_198' title='bbox 1059 3459 1194 3520; x_wconf 88' lang='lat' dir='ltr'>requested</span> <span class='ocrx_word' id='word_1_199' title='bbox 1207 3461 1268 3507; x_wconf 87' lang='lat' dir='ltr'>Earl</span> <span class='ocrx_word' id='word_1_200' title='bbox 1280 3461 1329 3508; x_wconf 86' lang='lat' dir='ltr'>Be·</span> 
     </span>
    </p>
   </div>
   <div class='ocr_carea' id='block_1_4' title="bbox 381 3528 1335 4218">
    <p class='ocr_par' dir='ltr' id='par_1_6' title="bbox 381 3528 1335 4218">
     <span class='ocr_line' id='line_1_30' title="bbox 416 3528 1330 3603; baseline -0.005 -22"><span class='ocrx_word' id='word_1_201' title='bbox 416 3536 427 3566; x_wconf 92' lang='lat'><strong>¹</strong></span> <span class='ocrx_word' id='word_1_202' title='bbox 438 3540 501 3587; x_wconf 52' lang='lat' dir='ltr'>Post</span> <span class='ocrx_word' id='word_1_203' title='bbox 516 3541 568 3602; x_wconf 62' lang='lat' dir='ltr'>eju</span> <span class='ocrx_word' id='word_1_204' title='bbox 576 3541 667 3591; x_wconf 61' lang='lat' dir='ltr'>obitum</span> <span class='ocrx_word' id='word_1_205' title='bbox 675 3543 749 3592; x_wconf 62' lang='lat' dir='ltr'><strong><em>aziam</em></strong></span> <span class='ocrx_word' id='word_1_206' title='bbox 759 3545 843 3603; x_wconf 55' lang='lat' dir='ltr'><strong><em>duxit,</em></strong></span> <span class='ocrx_word' id='word_1_207' title='bbox 867 3543 921 3588; x_wconf 93' lang='lat' dir='ltr'>orn,</span> <span class='ocrx_word' id='word_1_208' title='bbox 930 3529 970 3577; x_wconf 88' lang='lat' dir='ltr'>his</span> <span class='ocrx_word' id='word_1_209' title='bbox 979 3529 1073 3577; x_wconf 86' lang='lat' dir='ltr'>uncle&#39;s</span> <span class='ocrx_word' id='word_1_210' title='bbox 1085 3528 1165 3594; x_wconf 85' lang='lat' dir='ltr'>son,(‘</span> <span class='ocrx_word' id='word_1_211' title='bbox 1174 3529 1241 3578; x_wconf 85' lang='lat' dir='ltr'>filius</span> <span class='ocrx_word' id='word_1_212' title='bbox 1250 3543 1330 3577; x_wconf 86' lang='lat' dir='ltr'>avun-</span> 
     </span>
     <span class='ocr_line' id='line_1_31' title="bbox 381 3595 1329 3681; baseline -0.007 -28"><span class='ocrx_word' id='word_1_213' title='bbox 381 3608 451 3670; x_wconf 71' lang='lat' dir='ltr'>cnjas</span> <span class='ocrx_word' id='word_1_214' title='bbox 466 3624 544 3670; x_wconf 63' lang='lat' dir='ltr'>genus</span> <span class='ocrx_word' id='word_1_215' title='bbox 562 3626 610 3659; x_wconf 64' lang='grc' dir='ltr'><em>Μ</em></span> <span class='ocrx_word' id='word_1_216' title='bbox 626 3609 752 3681; x_wconf 57' lang='lat' dir='ltr'>comperi]</span> <span class='ocrx_word' id='word_1_217' title='bbox 782 3614 844 3662; x_wconf 63' lang='lat' dir='ltr'>Em</span> <span class='ocrx_word' id='word_1_218' title='bbox 868 3599 920 3647; x_wconf 89' lang='lat' dir='ltr'>culi</span> <span class='ocrx_word' id='word_1_219' title='bbox 939 3599 990 3660; x_wconf 88' lang='lat' dir='ltr'>sui,</span> <span class='ocrx_word' id='word_1_220' title='bbox 1009 3599 1103 3647; x_wconf 88' lang='lat' dir='ltr'>Danici</span> <span class='ocrx_word' id='word_1_221' title='bbox 1122 3600 1231 3661; x_wconf 89' lang='lat' dir='ltr'>comitis,</span> <span class='ocrx_word' id='word_1_222' title='bbox 1247 3595 1329 3661; x_wconf 88' lang='lat' dir='ltr'>Ulli,&#39;)</span> 
     </span>
     <span class='ocr_line' id='line_1_32' title="bbox 382 3668 1330 3732; baseline 0.001 -7"><span class='ocrx_word' id='word_1_223' title='bbox 382 3678 516 3728; x_wconf 87' lang='lat' dir='ltr'>Godwin&#39;s</span> <span class='ocrx_word' id='word_1_224' title='bbox 545 3683 638 3730; x_wconf 87' lang='lat' dir='ltr'>second</span> <span class='ocrx_word' id='word_1_225' title='bbox 660 3681 741 3732; x_wconf 82' lang='lat' dir='ltr'>wile&#39;s</span> <span class='ocrx_word' id='word_1_226' title='bbox 770 3698 843 3732; x_wconf 88' lang='lat' dir='ltr'>name</span> <span class='ocrx_word' id='word_1_227' title='bbox 869 3673 894 3715; x_wconf 66' lang='lat' dir='ltr'>l⁰</span> <span class='ocrx_word' id='word_1_228' title='bbox 910 3683 1065 3730; x_wconf 68' lang='lat' dir='ltr'>³⁰⁰⁰¹¹¹Pffl¹i⁷</span> <span class='ocrx_word' id='word_1_229' title='bbox 1082 3669 1132 3717; x_wconf 59' lang='grc' dir='ltr'>Μὰ</span> <span class='ocrx_word' id='word_1_230' title='bbox 1149 3668 1275 3717; x_wconf 53' lang='lat' dir='ltr'>intercede</span> <span class='ocrx_word' id='word_1_231' title='bbox 1291 3668 1330 3716; x_wconf 64' lang='lat'>¹⁴⁰?</span> 
     </span>
     <span class='ocr_line' id='line_1_33' title="bbox 382 3736 1330 3816; baseline -0.003 -27"><span class='ocrx_word' id='word_1_232' title='bbox 382 3762 437 3795; x_wconf 77' lang='lat' dir='ltr'>was</span> <span class='ocrx_word' id='word_1_233' title='bbox 454 3747 550 3807; x_wconf 64' lang='lat' dir='ltr'>Gytha,</span> <span class='ocrx_word' id='word_1_234' title='bbox 580 3750 654 3816; x_wconf 59' lang='lat' dir='ltr'>(Sag,</span> <span class='ocrx_word' id='word_1_235' title='bbox 677 3752 770 3802; x_wconf 50' lang='lat' dir='ltr'>ebron,</span> <span class='ocrx_word' id='word_1_236' title='bbox 793 3753 843 3802; x_wconf 64' lang='lat' dir='ltr'>and</span> <span class='ocrx_word' id='word_1_237' title='bbox 868 3736 929 3786; x_wconf 84' lang='lat' dir='ltr'>hirn.</span> <span class='ocrx_word' id='word_1_238' title='bbox 965 3737 1049 3786; x_wconf 88' lang='lat' dir='ltr'>Beorn</span> <span class='ocrx_word' id='word_1_239' title='bbox 1059 3739 1162 3799; x_wconf 86' lang='lat' dir='ltr'>yielded</span> <span class='ocrx_word' id='word_1_240' title='bbox 1172 3741 1198 3786; x_wconf 89' lang='lat' dir='ltr'>to</span> <span class='ocrx_word' id='word_1_241' title='bbox 1209 3739 1249 3786; x_wconf 87' lang='lat' dir='ltr'>bis</span> <span class='ocrx_word' id='word_1_242' title='bbox 1260 3739 1330 3786; x_wconf 86' lang='lat' dir='ltr'>kins-</span> 
     </span>
     <span class='ocr_line' id='line_1_34' title="bbox 383 3806 1332 3884; baseline -0.009 -20"><span class='ocrx_word' id='word_1_243' title='bbox 383 3818 451 3866; x_wconf 87' lang='lat' dir='ltr'>Flor.</span> <span class='ocrx_word' id='word_1_244' title='bbox 463 3817 589 3884; x_wconf 82' lang='lat' dir='ltr'>Wigorn.)</span> <span class='ocrx_word' id='word_1_245' title='bbox 868 3807 948 3855; x_wconf 82' lang='lat' dir='ltr'>man&#39;s</span> <span class='ocrx_word' id='word_1_246' title='bbox 969 3813 1081 3869; x_wconf 82' lang='lat' dir='ltr'>request,</span> <span class='ocrx_word' id='word_1_247' title='bbox 1101 3808 1162 3870; x_wconf 86' lang='lat' dir='ltr'>and,</span> <span class='ocrx_word' id='word_1_248' title='bbox 1183 3806 1281 3870; x_wconf 79' lang='lat' dir='ltr'>tearing</span> <span class='ocrx_word' id='word_1_249' title='bbox 1299 3823 1332 3856; x_wconf 92' lang='lat' dir='ltr'>no</span> 
     </span>
     <span class='ocr_line' id='line_1_35' title="bbox 418 3877 1329 3979; baseline -0.004 -49"><span class='ocrx_word' id='word_1_250' title='bbox 418 3906 429 3938; x_wconf 60' lang='grc' dir='ltr'><strong>ῃ</strong></span> <span class='ocrx_word' id='word_1_251' title='bbox 446 3909 607 3976; x_wconf 57' lang='lat' dir='ltr'><em>Imm-m]</em></span> <span class='ocrx_word' id='word_1_252' title='bbox 628 3915 677 3975; x_wconf 34' lang='lat' dir='ltr'>Ed</span> <span class='ocrx_word' id='word_1_253' title='bbox 689 3917 844 3979; x_wconf 53' lang='lat' dir='ltr'>junioribus,</span> <span class='ocrx_word' id='word_1_254' title='bbox 868 3877 1073 3958; x_wconf 72' lang='lat' dir='ltr'>ueacbery,took</span> <span class='ocrx_word' id='word_1_255' title='bbox 1082 3878 1141 3937; x_wconf 86' lang='lat' dir='ltr'>only</span> <span class='ocrx_word' id='word_1_256' title='bbox 1149 3877 1219 3926; x_wconf 87' lang='lat' dir='ltr'>three</span> <span class='ocrx_word' id='word_1_257' title='bbox 1231 3879 1329 3926; x_wconf 85' lang='lat' dir='ltr'>attend·</span> 
     </span>
     <span class='ocr_line' id='line_1_36' title="bbox 383 3947 1331 4032; baseline -0.005 -32"><span class='ocrx_word' id='word_1_258' title='bbox 383 3977 417 4028; x_wconf 46' lang='lat' dir='ltr'>A·</span> <span class='ocrx_word' id='word_1_259' title='bbox 432 3979 461 4028; x_wconf 44' lang='lat' dir='ltr'>S·</span> <span class='ocrx_word' id='word_1_260' title='bbox 475 3981 505 4030; x_wconf 39' lang='lat' dir='ltr'>C·</span> <span class='ocrx_word' id='word_1_261' title='bbox 518 3981 553 4030; x_wconf 44' lang='lat' dir='ltr'>D·</span> <span class='ocrx_word' id='word_1_262' title='bbox 566 3982 597 4032; x_wconf 44' lang='lat' dir='ltr'>L.</span> <span class='ocrx_word' id='word_1_263' title='bbox 868 3951 924 3994; x_wconf 81' lang='lat' dir='ltr'>ants</span> <span class='ocrx_word' id='word_1_264' title='bbox 941 3947 1004 3995; x_wconf 78' lang='lat' dir='ltr'>with</span> <span class='ocrx_word' id='word_1_265' title='bbox 1020 3947 1081 3996; x_wconf 85' lang='lat' dir='ltr'>lum.</span> <span class='ocrx_word' id='word_1_266' title='bbox 1119 3947 1160 3995; x_wconf 91' lang='lat' dir='ltr'>He</span> <span class='ocrx_word' id='word_1_267' title='bbox 1178 3961 1242 4009; x_wconf 88' lang='lat' dir='ltr'>was,</span> <span class='ocrx_word' id='word_1_268' title='bbox 1259 3947 1331 3996; x_wconf 88' lang='lat' dir='ltr'>how-</span> 
     </span>
     <span class='ocr_line' id='line_1_37' title="bbox 416 4016 1335 4141; baseline 0.014 -20"><span class='ocrx_word' id='word_1_269' title='bbox 416 4070 425 4098; x_wconf 93' lang='lat'><strong>⁴</strong></span> <span class='ocrx_word' id='word_1_270' title='bbox 435 4074 561 4122; x_wconf 82' lang='lat' dir='ltr'>Brauom&#39;a</span> <span class='ocrx_word' id='word_1_271' title='bbox 569 4077 666 4137; x_wconf 77' lang='lat' dir='ltr'>cognati</span> <span class='ocrx_word' id='word_1_272' title='bbox 711 4082 735 4126; x_wconf 83' lang='lat' dir='ltr'>et</span> <span class='ocrx_word' id='word_1_273' title='bbox 752 4083 782 4126; x_wconf 81' lang='lat' dir='ltr'>nt</span> <span class='ocrx_word' id='word_1_274' title='bbox 791 4081 844 4141; x_wconf 78' lang='lat' dir='ltr'>qui·</span> <span class='ocrx_word' id='word_1_275' title='bbox 868 4030 936 4134; x_wconf 49' lang='grc' dir='ltr'>ξεῖ,</span> <span class='ocrx_word' id='word_1_276' title='bbox 946 4032 981 4134; x_wconf 61' lang='lat' dir='ltr'>llll</span> <span class='ocrx_word' id='word_1_277' title='bbox 990 4016 1335 4136; x_wconf 49' lang='lat' dir='ltr'>lddddtdnbboaddnlldlldhol</span> 
     </span>
     <span class='ocr_line' id='line_1_38' title="bbox 381 4101 1330 4218; baseline -0.002 -12"><span class='ocrx_word' id='word_1_278' title='bbox 381 4113 844 4213; x_wconf 52' lang='lat' dir='ltr'>dumdlsslfflbsffllffilswelbhav·</span> <span class='ocrx_word' id='word_1_279' title='bbox 869 4101 971 4218; x_wconf 48' lang='lat' dir='ltr'>Swedn,</span> <span class='ocrx_word' id='word_1_280' title='bbox 993 4156 1044 4204; x_wconf 90' lang='lat' dir='ltr'>and</span> <span class='ocrx_word' id='word_1_281' title='bbox 1065 4101 1204 4204; x_wconf 64' lang='lat' dir='ltr'>burielicin</span> <span class='ocrx_word' id='word_1_282' title='bbox 1227 4172 1243 4205; x_wconf 86' lang='lat' dir='ltr'>a</span> <span class='ocrx_word' id='word_1_283' title='bbox 1265 4156 1330 4216; x_wconf 84' lang='lat' dir='ltr'>deep</span> 
     </span>
    </p>
   </div>
   <div class='ocr_carea' id='block_1_5' title="bbox 382 4211 1329 4358">
    <p class='ocr_par' dir='ltr' id='par_1_7' title="bbox 382 4211 1329 4358">
     <span class='ocr_line' id='line_1_39' title="bbox 382 4211 1329 4293; baseline 0.019 -35"><span class='ocrx_word' id='word_1_284' title='bbox 382 4211 426 4272; x_wconf 82' lang='lat' dir='ltr'>ing</span> <span class='ocrx_word' id='word_1_285' title='bbox 446 4213 559 4293; x_wconf 74' lang='lat' dir='ltr'>seduced</span> <span class='ocrx_word' id='word_1_286' title='bbox 577 4217 695 4277; x_wconf 85' lang='lat' dir='ltr'>Eadgiva</span> <span class='ocrx_word' id='word_1_287' title='bbox 712 4219 803 4268; x_wconf 87' lang='lat' dir='ltr'>abbess</span> <span class='ocrx_word' id='word_1_288' title='bbox 819 4221 848 4268; x_wconf 84' lang='lat' dir='ltr'>ol</span> <span class='ocrx_word' id='word_1_289' title='bbox 869 4225 948 4276; x_wconf 86' lang='lat' dir='ltr'>ditch.</span> <span class='ocrx_word' id='word_1_290' title='bbox 982 4225 1062 4292; x_wconf 85' lang='lat' dir='ltr'>(Flor.</span> <span class='ocrx_word' id='word_1_291' title='bbox 1074 4225 1188 4287; x_wconf 82' lang='lat' dir='ltr'>wigorn.</span> <span class='ocrx_word' id='word_1_292' title='bbox 1200 4227 1250 4275; x_wconf 87' lang='lat' dir='ltr'>and</span> <span class='ocrx_word' id='word_1_293' title='bbox 1268 4227 1329 4277; x_wconf 85' lang='lat' dir='ltr'>Sax.</span> 
     </span>
     <span class='ocr_line' id='line_1_40' title="bbox 382 4281 977 4358; baseline 0.025 -29"><span class='ocrx_word' id='word_1_294' title='bbox 382 4281 845 4352; x_wconf 84' lang='lat' dir='ltr'>Leomrnster,dedtoDenmark;but,</span> <span class='ocrx_word' id='word_1_295' title='bbox 871 4290 977 4358; x_wconf 79' lang='lat' dir='ltr'>chron.)</span> 
     </span>
    </p>
   </div>
   <div class='ocr_carea' id='block_1_6' title="bbox 0 0 1586 4968">
    <p class='ocr_par' dir='ltr' id='par_1_8' title="bbox 0 0 1586 4968">
     <span class='ocr_line' id='line_1_41' title="bbox 0 0 1586 4968; baseline 0 0"><span class='ocrx_word' id='word_1_296' title='bbox 0 0 1586 4968; x_wconf 95' lang='lat' dir='ltr'> </span> 
     </span>
    </p>
   </div>
  </div>
 </body>
</html>
