3128 4976
216 469 371 560 marus
442 495 556 546 casua
579 495 707 543 trouu
730 495 947 548 suenorum.
1103 483 1169 554 245

214 655 352 718 tanensi
378 654 541 736 episcopo
564 655 808 735 permittimus.
859 654 904 718 In
925 653 1064 720 Pascha
1080 674 1166 736 quo,

212 774 282 836 que
305 753 431 817 crisma
447 753 731 818 sanctificationis
746 760 782 816 et
797 753 911 817 oleum
929 771 951 816 a
967 754 1165 818 Fontanen2

210 854 246 916 si
268 855 431 936 episcopo
459 872 504 916 ex
532 871 627 916 more
656 853 817 935 accipiat,
840 861 876 916 et
903 872 966 934 per
997 853 1163 935 praefatas

213 953 377 1016 ecclesias
404 971 486 1015 suas
515 951 711 1018 distribuat.
776 951 858 1014 Hoc
884 972 967 1016 vero
991 953 1165 1035 praecipue

214 1052 282 1115 Dei
309 1051 550 1115 interdictione
581 1057 617 1116 et
654 1057 774 1116 nostra
811 1050 1030 1128 auctoritate,
1067 1052 1167 1116 salva

214 1158 330 1215 tamen
353 1157 483 1214 sanctae
500 1149 669 1214 Romanae
692 1150 846 1214 ecclesiae
870 1158 905 1214 et
919 1151 1162 1215 Dorobernen·

213 1251 261 1312 sis
284 1250 466 1332 dignitate,
489 1248 653 1332 prohibeo
679 1269 722 1313 ne
746 1268 895 1332 persona
916 1251 1163 1334 cujuscumque

214 1351 409 1432 potestatis,
439 1350 513 1414 sive
544 1368 619 1426 rex,
649 1349 722 1418 sive
749 1349 942 1431 episcopus,
972 1351 1046 1414 sive
1077 1350 1162 1427 dux,

213 1455 274 1512 aut
298 1449 471 1530 princepe,
496 1449 553 1512 vel
576 1447 721 1529 quilibet
745 1449 979 1512 ministrorum
1009 1469 1163 1513 meorum

214 1546 407 1612 Glastoniae
437 1547 602 1611 terminos
626 1547 683 1611 vel
703 1547 981 1628 supradictarum
1004 1548 1163 1630 parochi-

214 1665 324 1723 arum,
351 1646 604 1730 perscrutandi,
628 1644 796 1728 rapiendi,
821 1646 1011 1728 placitandi
1036 1647 1163 1728 gratia,

213 1746 269 1810 vel
292 1746 422 1828 aliquid
438 1746 530 1809 aliud
549 1744 697 1808 faciendi
712 1745 804 1827 quod
826 1747 1037 1809 contrarium
1051 1748 1163 1828 possit

212 1863 288 1908 esse
300 1846 427 1909 ibidem
440 1845 517 1909 Deo
534 1844 776 1920 servientibus
797 1843 927 1908 intrare
949 1852 1160 1927 praesumat3

213 1945 331 2009 abbati
365 1944 603 2008 tantummodo
633 1949 669 2006 et
697 1944 883 2007 conventui
912 1951 1068 2026 potestas
1102 1946 1160 2022 sit,

210 2043 337 2108 tamin
357 2044 448 2108 notis
472 2044 586 2107 causis
610 2061 714 2125 quam
739 2043 776 2105 in
796 2041 937 2123 ignotis,
959 2044 996 2105 in
1018 2043 1161 2108 modicis

212 2144 299 2206 etin
316 2142 463 2224 magnis,
488 2150 523 2206 et
546 2143 704 2205 omnibus
728 2141 868 2204 omnino
890 2143 1052 2222 negotiiS,
1071 2142 1162 2206 sicut

211 2260 317 2323 supra
332 2241 608 2305 memoravimus,
659 2238 827 2320 Quisquis
846 2246 962 2303 autem
976 2238 1080 2323 hujus
1094 2242 1162 2304 mei

211 2340 384 2422 privilegii
407 2340 612 2420 dignitatem
639 2338 793 2420 qualibet
822 2339 1014 2416 occasione,
1044 2339 1161 2422 cujus·

213 2459 359 2520 cumque
382 2438 575 2520 dignitatis,
600 2437 847 2520 cujuscumque
875 2438 1017 2515 ordinis,
1044 2437 1161 2522 cujus·

207 2558 360 2621 cumque
388 2537 624 2620 professionis,
653 2544 850 2618 pervertere
876 2537 932 2600 vel
958 2538 995 2600 in
1025 2535 1161 2608 irritum

212 2638 378 2701 deducere
397 2636 568 2717 sacrilega
582 2635 849 2718 praesumptione
865 2635 988 2699 amodo
1003 2643 1160 2700 tentave-

207 2737 269 2813 rit,
291 2739 379 2800 sciat
400 2756 438 2800 se
456 2735 682 2818 proculdubio
701 2739 783 2797 ante
802 2733 995 2798 districtum
1008 2734 1162 2817 judicem

211 2837 419 2900 titubantem
447 2834 775 2915 tremebundumque
802 2833 971 2902 rationem
1007 2833 1161 2898 redditu-

211 2955 299 3011 rum,
329 2936 397 2999 nisi
424 2935 520 3017 prius
562 2934 669 3015 digna
706 2931 943 2996 satisfactione
979 2933 1161 2997 emendare

202 3035 405 3100 studuerit!
457 3033 561 3096 Hanc
586 3031 759 3114 privilegii
782 3032 947 3114 paginam
974 3032 1160 3114 praedictus

211 3153 274 3197 rex
290 3133 484 3216 Eadgarus,
503 3131 706 3196 duodecimo
730 3148 822 3195 anno
842 3130 946 3212 ,regni
970 3131 1037 3207 sui,
1061 3149 1160 3196 sacro

210 3234 338 3314 scripto
366 3232 459 3315 apud
486 3231 702 3296 Londoniam
731 3231 904 3294 communi
929 3230 1073 3293 consilio
1098 3250 1160 3313 op·

206 3333 367 3395 timatum
393 3351 533 3394 suorum
556 3328 784 3393 confirmavit.
836 3327 1035 3411 Eodemque
1057 3347 1160 3406 anno,

211 3431 271 3512 qui
285 3429 352 3492 fuit
366 3423 664 3510 ¹uongeutesi1i1us
678 3426 917 3508 sexagesimus
934 3427 1076 3507 quintus
1086 3427 1160 3491 Do-

209 3529 345 3591 minicae
369 3527 627 3603 incarnationis,
652 3525 838 3588 indictione
864 3516 1159 3606 quartadecima,

209 3646 302 3709 papa
319 3621 359 3690 ²J
362 3626 515 3690 ohannes
538 3625 627 3688 hano
650 3625 762 3706 ipsam
789 3625 954 3705 pagiuam
978 3623 1101 3687 Romae
1125 3625 1160 3687 in
1250 3677 1251 3682 ,

210 3727 364 3807 generali
379 3724 513 3808 synodo
537 3723 776 3799 auctorizavit,
790 3730 1003 3804 cunctosque
1016 3722 1160 3805 potiorIs

244 3977 252 4007 ¹
279 3976 483 4040 Nongentesimas
504 3973 671 4037 aecogesimas
696 3973 738 4022 the
765 3971 866 4021 twelfth
892 3985 955 4034 year
981 3970 1010 4019 of
1035 3970 1161 4032 Eadgur's

207 4051 307 4114 quintas
329 4046 465 4096 Dominicoe
487 4044 672 4104 incorrutionis,
696 4043 778 4103 reign.

207 4119 338 4169 indictione
357 4120 446 4179 quartu
467 4114 581 4176 decima]
600 4113 671 4162 Ab.
732 4108 899 4172 woldman]
919 4109 988 4160 John
1007 4108 1086 4158 XIII.
1103 4123 1161 4170 pre-

207 4195 254 4240 tm
275 4187 441 4248 corresponds
457 4185 521 4233 with
540 4184 583 4232 the
601 4182 672 4232 tour·
698 4182 771 4230 sided
789 4179 853 4228 from
869 4180 912 4228 the
928 4194 990 4242 year
1007 4181 1056 4227 965
1074 4182 1100 4226 to
1117 4179 1160 4228 the

206 4261 292 4308 teenth
318 4256 449 4317 indiction,
471 4269 500 4305 as
529 4255 583 4304 also
610 4253 673 4302 with
699 4251 743 4300 eth
754 4250 783 4300 ol
791 4250 938 4311 September
949 4249 1019 4298 A.D.
1031 4251 1088 4298 ota.
