3162 4972
408 453 473 518 1528
632 469 746 517 unsri
771 468 897 516 auoou
923 466 1135 514 suenorum.
1234 451 1363 534 [mnu

408 628 500 693 versi
515 634 612 691 sunt.
665 626 830 690 Similiter
851 632 886 689 et
909 643 1013 707 super
1028 622 1240 704 Bangariam
1254 625 1363 688 irrue-

410 735 504 804 runt,
524 727 583 822 qni
606 734 641 791 et
663 727 730 809 ipsi
754 728 797 789 ab
816 725 971 789 exercitu
985 723 1183 787 Christiano
1209 724 1363 806 superati

408 835 444 892 et
466 828 612 910 dispersi
627 833 722 890 sunt.
773 826 888 889 Etiam
912 832 948 888 et
969 823 1124 908 ejusdem
1138 822 1362 887 Christianis-

408 928 486 990 simi
508 927 599 1009 regis
619 927 724 994 duces
749 933 785 990 et
810 925 939 989 tribuni
960 924 1104 987 multam
1126 930 1261 1005 partem
1277 922 1363 986 His·
1433 993 1436 998 ,

408 1028 521 1110 paniae
547 1027 702 1090 tulerunt
724 1045 746 1090 a
768 1024 949 1089 Saracenis
962 1025 1062 1106 quasi
1077 1030 1232 1087 trecenta
1254 1022 1364 1086 millia

408 1129 445 1190 in
468 1128 609 1208 longum
635 1147 697 1209 per
721 1125 915 1204 maritima;
940 1123 999 1186 sed
1023 1123 1102 1200 heu,
1129 1122 1215 1206 proh
1244 1122 1360 1187 dolor!

410 1227 501 1309 quod
523 1227 626 1290 iidem
652 1225 825 1290 maledicti
848 1223 1012 1288 Saraceni
1039 1221 1118 1308 (qui
1140 1230 1176 1286 et
1189 1219 1362 1306 Agareni)

409 1334 484 1391 tota
499 1326 720 1390 dominantur
733 1323 865 1389 Affrioa
887 1331 922 1388 et
943 1320 1031 1386 Asia
1053 1321 1183 1405 Majori
1208 1323 1361 1386 maxima

410 1433 585 1509 exparte.
627 1425 758 1506 Nescio
781 1424 863 1506 quid
893 1423 936 1487 de
967 1421 1065 1486 nobis
1085 1429 1270 1486 venturum
1294 1423 1360 1486 sit:

410 1526 540 1609 aliquid
565 1525 656 1589 enim
678 1523 912 1600 dissensionis,
936 1521 1106 1587 diabolico
1132 1519 1285 1585 fomento
1307 1522 1360 1584 in-

410 1625 620 1701 flammante,
636 1644 746 1707 nuper
766 1625 987 1704 interregem
1004 1621 1174 1685 Karolum
1194 1629 1229 1685 et
1244 1641 1360 1702 regem

411 1724 525 1788 Offam
540 1731 699 1789 exortum
714 1731 778 1800 est,
793 1724 844 1786 ita
866 1731 905 1786 ut
927 1721 1089 1804 utrinque
1106 1721 1284 1802 navigatio
1306 1721 1360 1783 in-

409 1823 556 1888 terdicta
582 1823 837 1905 negotiantibus
869 1828 992 1886 cesset.
1044 1821 1131 1884 Sunt
1154 1822 1214 1903 qui
1243 1821 1362 1889 dicant
1398 1823 1402 1830 ’

373 2003 375 2007 Ι
410 1943 473 1988 nos
488 1943 552 2006 pro
569 1942 654 2006 pace
671 1942 746 1986 esse
761 1923 796 1985 in
811 1922 890 1986 illas
905 1928 1021 2004 partes
1035 1920 1245 1984 mittendos!

461 2022 547 2106 §92
572 2023 616 2086 In
637 2022 691 2086 his
715 2022 842 2098 verbis,
864 2029 990 2104 praeter
1014 2020 1076 2084 illa
1099 2039 1177 2103 quae
1203 2021 1361 2102 superins

410 2124 541 2200 notavi,
565 2123 692 2205 poterit
714 2122 869 2186 curiosus
895 2120 1168 2185 animadvertere
1193 2129 1362 2204 quantum

313 2242 316 2247 ·
405 2222 479 2307 jam
503 2241 671 2286 annorum
685 2221 856 2286 effluxerit
872 2241 917 2285 ex
932 2241 1001 2305 quo
1019 2220 1182 2284 Saraceni
1195 2217 1361 2284 Affricam

248 3822 333 3863 Charie-

248 3872 331 3922 magne'
333 3884 344 3912 s

248 3925 323 3974 epistle
331 3927 355 3964 to

248 3975 301 4014 Off&

410 2329 445 2386 et
460 2320 582 2387 Asiam
605 2321 774 2406 Majorem
798 2321 1000 2386 invaserint.
1053 2320 1100 2384 Et
1113 2319 1279 2402 proiecto,
1295 2319 1363 2384 nisi

410 2422 478 2491 Dei
492 2423 675 2487 clementia
693 2421 886 2504 ingenitum
900 2422 1004 2485 robur
1021 2419 1234 2483 Francorum
1254 2419 1363 2503 impe·

410 2529 564 2586 ratorum
589 2523 788 2598 animasset,
816 2520 947 2604 pridem
977 2521 1151 2602 Europam
1177 2519 1361 2603 subjugas-

410 2632 500 2688 sent.
550 2621 651 2686 Adeo
675 2621 879 2704 contemptis
902 2620 1166 2702 imperatoribus
1190 2619 1361 2683 Constan-

409 2722 648 2806 tinopolitanis
673 2723 825 2786 Siciliam
853 2728 887 2785 et
915 2720 1108 2783 Sardiniam
1132 2726 1168 2783 et
1196 2718 1361 2783 Baleares

409 2822 553 2899 insulas,
579 2830 615 2898 et
638 2842 725 2903 pene
750 2841 869 2885 omnes
895 2827 1005 2884 terras
1033 2837 1110 2901 quae
1137 2819 1263 2902 pelago
1289 2820 1362 2883 cin-

411 2928 552 3003 guntur,
579 2930 705 3004 practer
732 2919 897 2984 Rhodum,
918 2927 953 2983 et
975 2919 1112 2983 Cretam
1148 2924 1183 2982 ct
1208 2917 1363 3001 ciprum,

411 3027 685 3103 occupaverant:
723 3020 785 3084 sed
824 3019 951 3084 nostris
980 3019 1100 3082 diebus
1135 3037 1197 3100 per
1229 3018 1362 3082 North-

410 3139 556 3183 mannos
579 3119 744 3196 Siciliam,
767 3139 828 3202 per
852 3118 1001 3184 Pisanos
1025 3117 1202 3182 Corsicam
1224 3125 1259 3181 et
1280 3118 1361 3182 Sar-

411 3219 552 3296 diniam,
565 3239 628 3301 per
643 3219 798 3284 Francos
822 3226 857 3283 et
871 3219 983 3282 omnis
1003 3218 1138 3300 generis
1164 3237 1209 3281 ex
1223 3217 1364 3300 Europa

412 3319 629 3383 Christianos
651 3337 814 3402 magnam
836 3326 969 3402 partem
982 3314 1091 3396 Asiae,
1114 3325 1150 3380 et
1173 3318 1285 3399 ipsam
1301 3317 1325 3382 J
1327 3338 1363 3382 c-

411 3419 573 3498 rusalem,
585 3419 777 3502 relinquere
791 3418 902 3483 coacti
917 3425 999 3481 sunt
1012 3438 1021 3497 ;
1035 3418 1078 3481 de
1094 3417 1218 3500 quibus
1234 3418 1317 3498 quia
1326 3417 1363 3482 in

413 3513 653 3603 ¹sequcntibus
667 3519 813 3602 amplior
830 3518 895 3583 erit
909 3516 1073 3582 narrandi
1087 3516 1196 3595 locus,
1212 3536 1303 3582 nunc
1319 3538 1364 3582 ex

413 3621 526 3685 verbis
541 3619 664 3684 Karoli
687 3620 801 3683 soedus
823 3619 959 3684 firmum
979 3617 1071 3681 inter
1086 3636 1165 3680 eum
1191 3623 1227 3682 et
1250 3617 1363 3682 Offam
1444 3629 1446 3633 ’

412 3726 630 3802 compactum
645 3719 1283 3802 subjiciam..

411 3818 482 3902 §
496 3818 551 3883 93.
568 3811 804 3897 ‘²Karolus‚³
811 3819 926 3901 gratia
940 3817 1007 3881 Dei
1019 3836 1081 3880 rex
1101 3815 1315 3882 Francorum
1329 3823 1366 3882 et

447 4044 699 4110 'Sequentibasffltl
719 4047 753 4096 D.
771 4047 804 4096 Ε.
819 4047 876 4107 Μ;
900 4045 980 4094 kins’s
993 4043 1235 4103 Concilia‚vol.1..p
1246 4043 1365 4104 158,and

410 4115 675 4179 consequentibus&
688 4117 717 4166 S.
729 4117 760 4165 L.
900 4115 1034 4164 inAlcuin.
1041 4113 1092 4174 Op.
1098 4116 1157 4161 tom.
1163 4125 1194 4162 11.
1199 4112 1269 4173 App.
1275 4129 1300 4172 p.
1307 4117 1365 4162 618.

445 4185 617 4236 ²Karolus..
628 4181 754 4253 .serico.]
773 4186 875 4236 Charle
934 4183 1049 4234 3(ἷιναίὶα
1061 4182 1131 4244 Dei]
1150 4182 1179 4231 S.
1188 4183 1218 4232 C.
1226 4184 1261 4233 D.
1271 4184 1303 4232 E.
1312 4184 1363 4243 M.

410 4257 523 4318 magne's
537 4257 630 4305 letter
623 4271 645 4306 rs
661 4256 780 4317 printed'
773 4271 800 4304 m
811 4257 876 4304 Wil-
886 4255 1022 4320 ¹omitted
1015 4270 1041 4302 111
1053 4253 1086 4304 A.
1098 4182 1134 4306 L]

1557 3703 1574 3782 ⁴

1560 4542 1574 4942 l
