3106 4974
143 2921 176 2962 ·.
237 2872 449 2955 ⁴·Brigidam,
475 2872 654 2936 Hiberniae
684 2891 754 2936 non
784 2873 948 2935 obscuros
975 2869 1118 2947 incolas,
1141 2870 1208 2938 huc

225 597 230 604 Ι
275 529 344 576 nra.
362 512 405 592 1.]
499 527 613 577 cnsrn
638 529 764 577 nseuu
789 530 1003 580 nuononuu.
1183 515 1227 582 37

273 684 465 755 nachuset
483 686 590 750 abbas
619 686 743 764 sactus,
768 693 848 769 post
870 687 1002 768 aliquot
1026 695 1135 754 annos
1162 709 1223 752 na·
1238 711 1367 776 samnia

272 791 360 847 turae
385 785 500 850 cessit.
553 784 663 870 Cujus
691 786 891 850 assertionis
910 806 1044 853 omnem
1074 762 1385 856 absolvitfflmbm‘

271 883 473 967 scrupulum
486 885 575 949 'visio
601 886 780 970 cujusdam
803 885 932 962 fratris,
957 887 1017 968 qui
1042 895 1123 968 post
1147 889 1220 951 obi·
1270 943 1273 949 .

273 984 462 1058 tumbeati
484 983 561 1061 viri,
581 985 656 1069 jam
669 991 824 1050 'nutante
845 985 1009 1050 memoria
1036 993 1151 1052 utrum
1173 986 1221 1053 ibi

271 1083 461 1146 monachus
482 1092 518 1148 et
542 1085 648 1147 abbas
669 1085 785 1162 fuerit,
808 1105 886 1150 cum
912 1083 954 1168 de
974 1084 1039 1164 hoc
1059 1083 1220 1168 frequens

271 1189 463 1262 verteretur
477 1185 636 1266 quaestio,
659 1184 720 1262 tali
743 1184 965 1248 confirmatus
987 1190 1040 1250 cst
1065 1186 1220 1254 oraculo·

272 1279 461 1346 Resolutus
499 1282 589 1347 enim
622 1285 660 1346 in
694 1303 864 1366 soporem,
895 1282 989 1350 visus
1018 1291 1071 1354 est
1099 1284 1217 1352 audire

269 1380 439 1462 quendam
468 1381 650 1464 legentem,
678 1390 759 1465 post
786 1382 896 1445 multa
926 1381 1001 1465 ejus
1038 1382 1216 1462 miracula,

269 1477 343 1542 haec
358 1481 476 1558 verba,
498 1486 508 1514 ‘
522 1480 593 1545 Hic
607 1481 714 1563 igitur
728 1480 985 1564 metropolitani
998 1481 1095 1568 pallii
1116 1502 1216 1550 sanc-

205 1653 208 1660 ,
269 1579 368 1643 titate
394 1579 575 1645 decoratus
611 1589 685 1659 est3
720 1581 937 1663 postmodum
959 1599 1042 1644 vero
1065 1579 1120 1643 hic
1143 1601 1216 1646 mo-

268 1678 398 1748 nachus
423 1687 459 1744 et
479 1681 586 1744 abbas
610 1680 744 1744 factus!
795 1678 935 1763 Adjecit
953 1680 1057 1744 etiam
1079 1686 1119 1743 ut
1146 1701 1215 1746 non

267 1777 400 1860 integre
437 1780 591 1846 credenti
634 1780 744 1848 literis
780 1780 893 1842 aureis
938 1780 1031 1861 quod
1079 1779 1215 1844 dixerat

265 1879 431 1960 scriptum
459 1880 667 1944 'ostenderet
734 1879 894 1942 Excessit
923 1898 1005 1960 ergo
1040 1878 1213 1944 Patricius
1228 1901 1328 1942 oense

266 1995 356 2042 anno
385 1979 499 2042 aetatis
534 1979 720 2043 centesimo
748 1979 941 2054 undecimo,
968 1979 1214 2043 incarnationis
1227 1952 1343 2043 {iiiiii

266 2075 410 2146 Domini
420 2078 758 2160 quadringentesimo
778 2077 1030 2159 septuagesimo
1053 2079 1214 2156 secundo,

262 2177 323 2256 qui
338 2177 405 2242 fuit
419 2195 532 2241 annus
544 2198 589 2242 ex
605 2197 674 2260 quo
691 2177 895 2240 Hiberniam
915 2177 1039 2239 missus
1062 2183 1115 2241 est
1127 2196 1212 2258 qua·

263 2275 476 2358 dragesimus
502 2279 679 2360 septimus
733 2276 935 2358 Requiescit
957 2277 994 2339 in
1018 2274 1141 2341 dextro
1164 2276 1214 2342 la·

260 2371 335 2439 tere
349 2377 470 2440 altaris
484 2380 632 2441 vetustae
655 2376 820 2452 ecclesiae,
836 2377 873 2438 in
894 2374 1071 2458 pyramide
1090 2394 1209 2452 saxea,
1239 2393 1243 2404 ’

260 2494 365 2556 quam
406 2482 549 2558 argento
586 2476 728 2542 vestivit
763 2481 979 2557 posterorum
1016 2473 1207 2554 diligentia,
1263 2522 1267 2528 .

262 2572 357 2637 Hinc
390 2574 677 2639 Hiberniensibus
707 2593 781 2636 mos
809 2573 965 2640 inolitus¹
982 2573 1026 2638 ad
1061 2592 1208 2640 exosam

260 2672 382 2737 landas
398 2676 537 2756 patroni
551 2675 714 2756 reliquias
730 2672 844 2736 locum
857 2671 1100 2752 frequentare,-

310 2773 395 2857 §23.
420 2773 530 2837 Unde
547 2780 582 2837 et
608 2767 783 2837 ¹sanctum
806 2770 1012 2836 Indraotum'
1022 2777 1058 2838 et
1072 2771 1209 2838 beatam
1221 2793 1252 2880 ἓξ
1260 2791 1354 2891 pepp

252 2973 339 3036 olim
350 2991 559 3036 commeasse
572 2972 811 3036 celeberrimus
826 2989 938 3034 sermo
947 2976 1009 3036 est.
1052 2970 1208 3051 Brigida,

255 3072 403 3157 (relictis
423 3072 628 3154 quibusdam
652 3071 724 3134 suis
747 3071 951 3151 insignibus,
973 3068 1093 3136 monili
1112 3070 1207 3133 vide.-

255 3171 338 3235 licet
357 3171 449 3253 'pera
477 3179 512 3236 et
542 3170 739 3236 textrilibus
764 3169 880 3246 armis,
904 3189 982 3252 quae
1012 3167 1122 3236 adhuc
1144 3188 1207 3250 pro

256 3271 453 3334 sanctitatis
475 3271 641 3334 memoria
669 3275 901 3345 ostentantur,
932 3275 967 3336 et
995 3268 1122 3331 morbis
1146 3268 1206 3331 ‚di-

250 3371 365 3433 ‹versis
391 3367 601 3455 medentur,)
625 3375 741 3433 utrum
768 3369 906 3434 domum
929 3386 1079 3444 reversa,
1095 3385 1139 3428 an
1159 3367 1206 3432 ibi

257 3469 428 3551 acceperit
471 3488 628 3552 pausam,
656 3468 837 3532 incertum.
910 3464 1070 3528 Alterum
1101 3465 1207 3547 juxta

247 3566 475 3644 ‚Glastoniam
512 3569 772 3652 martyrizatum
802 3585 880 3640 cum
918 3563 1020 3626 sociis
1062 3569 1206 3645 septem,

248 3757 380 3820 «however,
416 3758 595 3819 satisfactorily
622 3758 717 3819 proved
742 3757 809 3817 bury
819 3759 898 3805 wrote
915 3753 991 3804 alife
1004 3753 1034 3803 oi
1045 3754 1083 3804 st
1094 3753 1207 3814 Iudaici,

247 3827 309 3876 ¹that
334 3827 385 3878 this
412 3828 500 3877 Patrio
525 3828 623 3888 neither
648 3828 717 3876 lived
743 3827 853 3876 ‘Passio
870 3825 957 3875 Sancti
975 3824 1107 3886 Indracti,'
1122 3822 1207 3872 which

246 3911 301 3947 nor
316 3912 371 3946 was
387 3898 479 3946 huried
495 3902 522 3946 at
533 3897 716 3958 Glastonhnry.
743 3896 789 3944 has
800 3911 876 3945 never
886 3897 950 3943 been
968 3893 1078 3954 printed.
1099 3891 1137 3940 ..A
1159 3892 1207 3940 line

254 3967 430 4029 Malmesbury
444 3971 524 4016 wrote
543 3981 560 4014 a
575 3966 620 4014 lile
636 3965 664 4013 of
680 3967 718 4015 St.
743 3965 899 4024 manuscript
909 3963 937 4011 ol
945 3963 995 4014 this
1006 3960 1078 4011 work
1093 3961 1116 4008 is
1127 3961 1153 4006 in
1165 3960 1207 4008 the

244 4036 388 4099 ‘Putriain
401 4041 454 4086 two
468 4037 557 4098 books,
565 4036 614 4083 hut
624 4049 656 4082 no
666 4049 719 4087 ma·
745 4033 868 4081 Bodleian
888 4033 991 4090 library.
1028 4031 1053 4076 It
1075 4029 1097 4076 is
1119 4029 1208 4078 abbre-

243 4107 368 4168 ·nuscript
389 4105 418 4154 of
442 4107 463 4154 it
483 4108 507 4156 is
535 4121 593 4154 now
615 4104 718 4154 known.
743 4103 828 4151 viated
855 4101 882 4148 in
903 4099 973 4149 John
994 4097 1023 4146 ol
1034 4097 1208 4160 ¹Tynemouth‚

253 4175 483 4240 Leland(Collect.
500 4188 542 4226 111.
555 4177 613 4226 273.
639 4173 720 4237 hond.
745 4172 820 4220 Nova
842 4169 962 4231 Legenda
988 4168 1101 4229 Angliae,
1119 4167 1207 4217 'which

247 4248 328 4307 1⁷7⁰,
345 4242 416 4310 svo.)
426 4246 484 4307 has,
499 4246 625 4302 however,
644 4244 719 4306 given
744 4241 790 4290 has
802 4243 867 4290 been
876 4239 976 4300 printed
987 4237 1068 4287 under
1078 4237 1120 4286 the
1134 4252 1208 4286 name

253 4319 365 4364 extracts
375 4315 439 4364 from
450 4316 479 4364 it.
542 4349 545 4353 -
579 4350 581 4356 ,
744 4311 773 4363 of
792 4309 948 4373 Oapgrave's
976 4307 1099 4370 Legenda
1133 4308 1208 4356 Nova

276 4381 414 4435 ¹Suretam
423 4378 587 4453 laureatam]
599 4383 721 4434 Malmes·
745 4379 996 4445 Angliae‚lol.188,b.
1009 4378 1121 4443 London,
1134 4381 1208 4440 lblb.
