<?xml version="1.0" encoding="UTF-8"?>
<!DOCTYPE html PUBLIC "-//W3C//DTD XHTML 1.0 Transitional//EN"
    "http://www.w3.org/TR/xhtml1/DTD/xhtml1-transitional.dtd">
<html xmlns="http://www.w3.org/1999/xhtml" xml:lang="en" lang="en">
 <head>
  <title>
</title>
<meta http-equiv="Content-Type" content="text/html;charset=utf-8" />
  <meta name='ocr-system' content='tesseract 3.04.00' />
  <meta name='ocr-capabilities' content='ocr_page ocr_carea ocr_par ocr_line ocrx_word'/>
</head>
<body>
  <div class='ocr_page' id='page_1' title='image "./willelmimalmesb00willgoog_0388.png"; bbox 0 0 3112 4968; ppageno 0'>
   <div class='ocr_carea' id='block_1_1' title="bbox 406 451 1360 533">
    <p class='ocr_par' dir='ltr' id='par_1_1' title="bbox 406 451 1360 533">
     <span class='ocr_line' id='line_1_1' title="bbox 406 451 1360 533; baseline -0.006 -15"><span class='ocrx_word' id='word_1_1' title='bbox 406 451 473 518; x_wconf 76' lang='lat'><strong>372</strong></span> <span class='ocrx_word' id='word_1_2' title='bbox 624 469 737 518; x_wconf 74' lang='lat' dir='ltr'><strong>casm</strong></span> <span class='ocrx_word' id='word_1_3' title='bbox 764 469 891 518; x_wconf 77' lang='lat' dir='ltr'><strong>arcun</strong></span> <span class='ocrx_word' id='word_1_4' title='bbox 915 468 1130 517; x_wconf 70' lang='lat' dir='ltr'><strong>suenorum.</strong></span> <span class='ocrx_word' id='word_1_5' title='bbox 1215 453 1301 533; x_wconf 82' lang='lat' dir='ltr'><strong>[nra.</strong></span> <span class='ocrx_word' id='word_1_6' title='bbox 1321 467 1360 512; x_wconf 93' lang='lat'><strong>11.</strong></span> 
     </span>
    </p>
   </div>
   <div class='ocr_carea' id='block_1_2' title="bbox 408 624 1359 1006">
    <p class='ocr_par' dir='ltr' id='par_1_2' title="bbox 408 624 1359 1006">
     <span class='ocr_line' id='line_1_2' title="bbox 408 624 1359 710; baseline -0.005 -20"><span class='ocrx_word' id='word_1_7' title='bbox 408 625 579 708; x_wconf 85' lang='lat' dir='ltr'><strong>sragabile</strong></span> <span class='ocrx_word' id='word_1_8' title='bbox 598 625 769 710; x_wconf 84' lang='lat' dir='ltr'><strong>judicium</strong></span> <span class='ocrx_word' id='word_1_9' title='bbox 787 626 867 703; x_wconf 90' lang='lat' dir='ltr'><strong>Dei,</strong></span> <span class='ocrx_word' id='word_1_10' title='bbox 884 626 960 689; x_wconf 89' lang='lat' dir='ltr'><strong>sola</strong></span> <span class='ocrx_word' id='word_1_11' title='bbox 982 624 1181 689; x_wconf 81' lang='lat' dir='ltr'><strong>mortalium</strong></span> <span class='ocrx_word' id='word_1_12' title='bbox 1204 625 1359 707; x_wconf 90' lang='lat' dir='ltr'><strong>operitur</strong></span> 
     </span>
     <span class='ocr_line' id='line_1_3' title="bbox 409 723 1359 806; baseline -0.003 -17"><span class='ocrx_word' id='word_1_13' title='bbox 409 725 643 806; x_wconf 81' lang='lat' dir='ltr'><strong>conscientia3</strong></span> <span class='ocrx_word' id='word_1_14' title='bbox 666 745 747 788; x_wconf 88' lang='lat' dir='ltr'><strong>nam</strong></span> <span class='ocrx_word' id='word_1_15' title='bbox 765 727 853 789; x_wconf 90' lang='lat' dir='ltr'><strong>etin</strong></span> <span class='ocrx_word' id='word_1_16' title='bbox 870 724 1030 788; x_wconf 89' lang='lat' dir='ltr'><strong>sordibus</strong></span> <span class='ocrx_word' id='word_1_17' title='bbox 1047 723 1216 787; x_wconf 88' lang='lat' dir='ltr'><strong>luctuosis</strong></span> <span class='ocrx_word' id='word_1_18' title='bbox 1241 729 1359 804; x_wconf 87' lang='lat' dir='ltr'><strong>potest</strong></span> 
     </span>
     <span class='ocr_line' id='line_1_4' title="bbox 411 821 1358 908; baseline -0.004 -20"><span class='ocrx_word' id='word_1_19' title='bbox 411 843 487 888; x_wconf 90' lang='lat' dir='ltr'><strong>esse</strong></span> <span class='ocrx_word' id='word_1_20' title='bbox 508 825 694 908; x_wconf 86' lang='lat' dir='ltr'><strong>jactantia.</strong></span> <span class='ocrx_word' id='word_1_21' title='bbox 746 823 971 907; x_wconf 84' lang='lat' dir='ltr'>Quapropter</span> <span class='ocrx_word' id='word_1_22' title='bbox 993 829 1079 906; x_wconf 92' lang='lat' dir='ltr'><strong>puto</strong></span> <span class='ocrx_word' id='word_1_23' title='bbox 1102 821 1195 904; x_wconf 92' lang='lat' dir='ltr'><strong>quod</strong></span> <span class='ocrx_word' id='word_1_24' title='bbox 1211 829 1284 886; x_wconf 89' lang='lat' dir='ltr'><strong>tam</strong></span> <span class='ocrx_word' id='word_1_25' title='bbox 1305 823 1358 884; x_wconf 89' lang='lat' dir='ltr'><strong>in-</strong></span> 
     </span>
     <span class='ocr_line' id='line_1_5' title="bbox 410 921 1359 1006; baseline -0.005 -19"><span class='ocrx_word' id='word_1_26' title='bbox 410 929 575 1005; x_wconf 85' lang='lat' dir='ltr'><strong>corrupta</strong></span> <span class='ocrx_word' id='word_1_27' title='bbox 607 942 704 987; x_wconf 89' lang='lat' dir='ltr'><strong>mens</strong></span> <span class='ocrx_word' id='word_1_28' title='bbox 735 930 853 1006; x_wconf 88' lang='lat' dir='ltr'><strong>potest</strong></span> <span class='ocrx_word' id='word_1_29' title='bbox 885 941 961 985; x_wconf 90' lang='lat' dir='ltr'><strong>esse</strong></span> <span class='ocrx_word' id='word_1_30' title='bbox 993 922 1058 985; x_wconf 87' lang='lat' dir='ltr'><strong>sub</strong></span> <span class='ocrx_word' id='word_1_31' title='bbox 1085 921 1162 985; x_wconf 88' lang='lat' dir='ltr'><strong>istis</strong></span> <span class='ocrx_word' id='word_1_32' title='bbox 1188 921 1359 997; x_wconf 63' lang='lat' dir='ltr'><strong>vestibus</strong></span> 
     </span>
    </p>
   </div>
   <div class='ocr_carea' id='block_1_3' title="bbox 406 1018 1361 3770">
    <p class='ocr_par' dir='ltr' id='par_1_3' title="bbox 406 1018 1361 3770">
     <span class='ocr_line' id='line_1_6' title="bbox 410 1018 1358 1104; baseline -0.002 -20"><span class='ocrx_word' id='word_1_33' title='bbox 410 1041 516 1104; x_wconf 91' lang='lat' dir='ltr'><strong>quam</strong></span> <span class='ocrx_word' id='word_1_34' title='bbox 532 1022 597 1085; x_wconf 89' lang='lat' dir='ltr'><strong>sub</strong></span> <span class='ocrx_word' id='word_1_35' title='bbox 612 1023 683 1085; x_wconf 90' lang='lat' dir='ltr'><strong>tuis</strong></span> <span class='ocrx_word' id='word_1_36' title='bbox 700 1021 855 1086; x_wconf 84' lang='lat' dir='ltr'><strong>discissis</strong></span> <span class='ocrx_word' id='word_1_37' title='bbox 871 1020 1042 1103; x_wconf 89' lang='lat' dir='ltr'><strong>pellibus’</strong></span> <span class='ocrx_word' id='word_1_38' title='bbox 1095 1020 1177 1084; x_wconf 91' lang='lat' dir='ltr'><strong>Hoc</strong></span> <span class='ocrx_word' id='word_1_39' title='bbox 1193 1018 1286 1083; x_wconf 89' lang='lat' dir='ltr'><strong>dicto</strong></span> <span class='ocrx_word' id='word_1_40' title='bbox 1305 1039 1358 1082; x_wconf 90' lang='lat' dir='ltr'><strong>re-</strong></span> 
     </span>
     <span class='ocr_line' id='line_1_7' title="bbox 410 1119 1357 1204; baseline -0.002 -21"><span class='ocrx_word' id='word_1_41' title='bbox 410 1139 598 1204; x_wconf 86' lang='lat' dir='ltr'><strong>percussus</strong></span> <span class='ocrx_word' id='word_1_42' title='bbox 614 1119 783 1203; x_wconf 78' lang='lat' dir='ltr'><strong>pontifex,</strong></span> <span class='ocrx_word' id='word_1_43' title='bbox 807 1127 844 1184; x_wconf 89' lang='lat' dir='ltr'><strong>et</strong></span> <span class='ocrx_word' id='word_1_44' title='bbox 859 1120 1044 1185; x_wconf 89' lang='lat' dir='ltr'><strong>veritatem</strong></span> <span class='ocrx_word' id='word_1_45' title='bbox 1060 1119 1144 1183; x_wconf 92' lang='lat' dir='ltr'><strong>dicti</strong></span> <span class='ocrx_word' id='word_1_46' title='bbox 1159 1120 1357 1200; x_wconf 87' lang='lat' dir='ltr'><strong>approbans</strong></span> 
     </span>
     <span class='ocr_line' id='line_1_8' title="bbox 410 1218 1358 1301; baseline -0.005 -17"><span class='ocrx_word' id='word_1_47' title='bbox 410 1220 650 1284; x_wconf 80' lang='lat' dir='ltr'><strong>taciturnitate</strong></span> <span class='ocrx_word' id='word_1_48' title='bbox 683 1239 759 1295; x_wconf 91' lang='lat' dir='ltr'><strong>sua,</strong></span> <span class='ocrx_word' id='word_1_49' title='bbox 798 1220 986 1301; x_wconf 85' lang='lat' dir='ltr'><strong>laetumque</strong></span> <span class='ocrx_word' id='word_1_50' title='bbox 1026 1221 1231 1282; x_wconf 89' lang='lat' dir='ltr'><strong>erubescens</strong></span> <span class='ocrx_word' id='word_1_51' title='bbox 1265 1218 1358 1299; x_wconf 93' lang='lat' dir='ltr'><strong>quod</strong></span> 
     </span>
     <span class='ocr_line' id='line_1_9' title="bbox 411 1317 1360 1401; baseline -0.003 -20"><span class='ocrx_word' id='word_1_52' title='bbox 411 1318 624 1382; x_wconf 84' lang='lat' dir='ltr'><strong>scintillante</strong></span> <span class='ocrx_word' id='word_1_53' title='bbox 649 1319 774 1401; x_wconf 69' lang='lat' dir='ltr'><strong>puellae</strong></span> <span class='ocrx_word' id='word_1_54' title='bbox 800 1319 974 1381; x_wconf 88' lang='lat' dir='ltr'><strong>sententia</strong></span> <span class='ocrx_word' id='word_1_55' title='bbox 999 1318 1104 1380; x_wconf 86' lang='lat' dir='ltr'><strong>fuerit</strong></span> <span class='ocrx_word' id='word_1_56' title='bbox 1129 1318 1279 1393; x_wconf 88' lang='lat' dir='ltr'><strong>inustus,</strong></span> <span class='ocrx_word' id='word_1_57' title='bbox 1313 1317 1360 1379; x_wconf 87' lang='lat' dir='ltr'><strong>si-</strong></span> 
     </span>
     <span class='ocr_line' id='line_1_10' title="bbox 410 1415 1359 1481; baseline -0.002 -1"><span class='ocrx_word' id='word_1_58' title='bbox 410 1417 487 1481; x_wconf 89' lang='lat' dir='ltr'><strong>luit.</strong></span> <span class='ocrx_word' id='word_1_59' title='bbox 539 1416 688 1480; x_wconf 84' lang='lat' dir='ltr'><strong>Viderat</strong></span> <span class='ocrx_word' id='word_1_60' title='bbox 703 1418 799 1481; x_wconf 91' lang='lat' dir='ltr'><strong>illam</strong></span> <span class='ocrx_word' id='word_1_61' title='bbox 821 1423 964 1480; x_wconf 88' lang='lat' dir='ltr'><strong>sanctus</strong></span> <span class='ocrx_word' id='word_1_62' title='bbox 982 1417 1189 1481; x_wconf 89' lang='lat' dir='ltr'><strong>Dunstanus</strong></span> <span class='ocrx_word' id='word_1_63' title='bbox 1214 1415 1251 1478; x_wconf 94' lang='lat' dir='ltr'><strong>in</strong></span> <span class='ocrx_word' id='word_1_64' title='bbox 1276 1434 1359 1479; x_wconf 91' lang='lat' dir='ltr'><strong>con-</strong></span> 
     </span>
     <span class='ocr_line' id='line_1_11' title="bbox 410 1509 1359 1598; baseline -0.001 -19"><span class='ocrx_word' id='word_1_65' title='bbox 410 1517 604 1580; x_wconf 88' lang='lat' dir='ltr'><strong>secratione</strong></span> <span class='ocrx_word' id='word_1_66' title='bbox 621 1517 773 1580; x_wconf 85' lang='lat' dir='ltr'><strong>basilicae</strong></span> <span class='ocrx_word' id='word_1_67' title='bbox 789 1509 900 1579; x_wconf 88' lang='lat' dir='ltr'><strong>¹beati</strong></span> <span class='ocrx_word' id='word_1_68' title='bbox 917 1515 1090 1598; x_wconf 88' lang='lat' dir='ltr'><strong>Dionysii,</strong></span> <span class='ocrx_word' id='word_1_69' title='bbox 1113 1533 1218 1595; x_wconf 85' lang='lat' dir='ltr'><strong>quam</strong></span> <span class='ocrx_word' id='word_1_70' title='bbox 1239 1513 1301 1577; x_wconf 87' lang='lat' dir='ltr'><strong>illa</strong></span> <span class='ocrx_word' id='word_1_71' title='bbox 1322 1515 1359 1578; x_wconf 92' lang='lat' dir='ltr'><strong>in</strong></span> 
     </span>
     <span class='ocr_line' id='line_1_12' title="bbox 411 1609 1359 1698; baseline -0.002 -20"><span class='ocrx_word' id='word_1_72' title='bbox 411 1634 563 1679; x_wconf 88' lang='lat' dir='ltr'><strong>amorem</strong></span> <span class='ocrx_word' id='word_1_73' title='bbox 574 1609 755 1698; x_wconf 80' lang='lat' dir='ltr'><strong>²martyris</strong></span> <span class='ocrx_word' id='word_1_74' title='bbox 772 1615 1017 1690; x_wconf 86' lang='lat' dir='ltr'><strong>aedificaverat,</strong></span> <span class='ocrx_word' id='word_1_75' title='bbox 1028 1614 1187 1697; x_wconf 91' lang='lat' dir='ltr'><strong>pollicem</strong></span> <span class='ocrx_word' id='word_1_76' title='bbox 1197 1613 1359 1677; x_wconf 82' lang='lat' dir='ltr'><strong>dextrum</strong></span> 
     </span>
     <span class='ocr_line' id='line_1_13' title="bbox 411 1712 1360 1796; baseline 0 -20"><span class='ocrx_word' id='word_1_77' title='bbox 411 1713 611 1796; x_wconf 88' lang='lat' dir='ltr'><strong>frequenter</strong></span> <span class='ocrx_word' id='word_1_78' title='bbox 636 1713 853 1796; x_wconf 90' lang='lat' dir='ltr'><strong>protendere,</strong></span> <span class='ocrx_word' id='word_1_79' title='bbox 870 1721 906 1777; x_wconf 92' lang='lat' dir='ltr'><strong>et</strong></span> <span class='ocrx_word' id='word_1_80' title='bbox 923 1715 1061 1795; x_wconf 86' lang='lat' dir='ltr'><strong>signum</strong></span> <span class='ocrx_word' id='word_1_81' title='bbox 1087 1714 1199 1776; x_wconf 88' lang='lat' dir='ltr'><strong>crucis</strong></span> <span class='ocrx_word' id='word_1_82' title='bbox 1216 1712 1323 1776; x_wconf 88' lang='lat' dir='ltr'><strong>fronti</strong></span> <span class='ocrx_word' id='word_1_83' title='bbox 1340 1733 1360 1776; x_wconf 91' lang='lat' dir='ltr'><strong>e</strong></span> 
     </span>
     <span class='ocr_line' id='line_1_14' title="bbox 411 1788 1359 1895; baseline 0.003 -23"><span class='ocrx_word' id='word_1_84' title='bbox 411 1813 553 1892; x_wconf 82' lang='lat' dir='ltr'><strong>regione</strong></span> <span class='ocrx_word' id='word_1_85' title='bbox 566 1812 728 1895; x_wconf 83' lang='lat' dir='ltr'><strong>pingere;</strong></span> <span class='ocrx_word' id='word_1_86' title='bbox 744 1812 1007 1895; x_wconf 84' lang='lat' dir='ltr'><strong>delectatusque</strong></span> <span class='ocrx_word' id='word_1_87' title='bbox 1021 1788 1218 1888; x_wconf 72' lang='lat' dir='ltr'><strong>admbdum,</strong></span> <span class='ocrx_word' id='word_1_88' title='bbox 1236 1819 1245 1846; x_wconf 89' lang='lat'>‘</span> <span class='ocrx_word' id='word_1_89' title='bbox 1260 1811 1359 1875; x_wconf 91' lang='lat' dir='ltr'><strong>Nun-</strong></span> 
     </span>
     <span class='ocr_line' id='line_1_15' title="bbox 412 1911 1361 1993; baseline 0.002 -20"><span class='ocrx_word' id='word_1_90' title='bbox 412 1911 540 1992; x_wconf 86' lang='lat' dir='ltr'><strong>quam,’</strong></span> <span class='ocrx_word' id='word_1_91' title='bbox 574 1912 699 1993; x_wconf 92' lang='lat' dir='ltr'><strong>inquit,</strong></span> <span class='ocrx_word' id='word_1_92' title='bbox 735 1916 937 1992; x_wconf 90' lang='lat' dir='ltr'><strong>‘putrescat</strong></span> <span class='ocrx_word' id='word_1_93' title='bbox 969 1911 1024 1974; x_wconf 93' lang='lat' dir='ltr'><strong>hic</strong></span> <span class='ocrx_word' id='word_1_94' title='bbox 1051 1911 1207 1992; x_wconf 66' lang='lat' dir='ltr'><strong>digitus!</strong></span> <span class='ocrx_word' id='word_1_95' title='bbox 1270 1911 1361 1975; x_wconf 90' lang='lat' dir='ltr'><strong>Con-</strong></span> 
     </span>
     <span class='ocr_line' id='line_1_16' title="bbox 412 2009 1358 2092; baseline 0.003 -21"><span class='ocrx_word' id='word_1_96' title='bbox 412 2010 580 2090; x_wconf 88' lang='lat' dir='ltr'><strong>tinuoque</strong></span> <span class='ocrx_word' id='word_1_97' title='bbox 617 2010 712 2073; x_wconf 88' lang='lat' dir='ltr'><strong>intra</strong></span> <span class='ocrx_word' id='word_1_98' title='bbox 743 2011 927 2073; x_wconf 84' lang='lat' dir='ltr'><strong>missarum</strong></span> <span class='ocrx_word' id='word_1_99' title='bbox 961 2009 1097 2092; x_wconf 86' lang='lat' dir='ltr'><strong>agenda</strong></span> <span class='ocrx_word' id='word_1_100' title='bbox 1129 2011 1289 2092; x_wconf 88' lang='lat' dir='ltr'><strong>prorupit</strong></span> <span class='ocrx_word' id='word_1_101' title='bbox 1322 2011 1358 2074; x_wconf 93' lang='lat' dir='ltr'><strong>in</strong></span> 
     </span>
     <span class='ocr_line' id='line_1_17' title="bbox 411 2106 1359 2192; baseline 0.002 -22"><span class='ocrx_word' id='word_1_102' title='bbox 411 2106 621 2191; x_wconf 85' lang='lat' dir='ltr'><strong>lachrymas,</strong></span> <span class='ocrx_word' id='word_1_103' title='bbox 642 2108 839 2191; x_wconf 86' lang='lat' dir='ltr'><strong>lachrymas</strong></span> <span class='ocrx_word' id='word_1_104' title='bbox 865 2109 953 2173; x_wconf 85' lang='lat' dir='ltr'><strong>adeo</strong></span> <span class='ocrx_word' id='word_1_105' title='bbox 974 2108 1135 2192; x_wconf 88' lang='lat' dir='ltr'><strong>profluas</strong></span> <span class='ocrx_word' id='word_1_106' title='bbox 1160 2115 1201 2172; x_wconf 92' lang='lat' dir='ltr'><strong>ut</strong></span> <span class='ocrx_word' id='word_1_107' title='bbox 1228 2110 1359 2190; x_wconf 84' lang='lat' dir='ltr'><strong>singul-</strong></span> 
     </span>
     <span class='ocr_line' id='line_1_18' title="bbox 411 2207 1360 2291; baseline 0.003 -23"><span class='ocrx_word' id='word_1_108' title='bbox 411 2207 513 2270; x_wconf 91' lang='lat' dir='ltr'><strong>tienti</strong></span> <span class='ocrx_word' id='word_1_109' title='bbox 537 2227 623 2272; x_wconf 87' lang='lat' dir='ltr'><strong>voce</strong></span> <span class='ocrx_word' id='word_1_110' title='bbox 650 2207 859 2290; x_wconf 88' lang='lat' dir='ltr'><strong>discipulum</strong></span> <span class='ocrx_word' id='word_1_111' title='bbox 888 2227 996 2291; x_wconf 90' lang='lat' dir='ltr'><strong>prope</strong></span> <span class='ocrx_word' id='word_1_112' title='bbox 1028 2214 1201 2270; x_wconf 87' lang='lat' dir='ltr'><strong>astantem</strong></span> <span class='ocrx_word' id='word_1_113' title='bbox 1234 2227 1360 2271; x_wconf 90' lang='lat' dir='ltr'><strong>concu-</strong></span> 
     </span>
     <span class='ocr_line' id='line_1_19' title="bbox 412 2305 1357 2388; baseline 0.004 -21"><span class='ocrx_word' id='word_1_114' title='bbox 412 2311 521 2383; x_wconf 87' lang='lat' dir='ltr'><strong>teret;</strong></span> <span class='ocrx_word' id='word_1_115' title='bbox 544 2307 663 2388; x_wconf 91' lang='lat' dir='ltr'><strong>reique</strong></span> <span class='ocrx_word' id='word_1_116' title='bbox 680 2325 821 2369; x_wconf 89' lang='lat' dir='ltr'><strong>causam</strong></span> <span class='ocrx_word' id='word_1_117' title='bbox 839 2307 1020 2388; x_wconf 69' lang='lat' dir='ltr'><strong>quaesitus</strong></span> <span class='ocrx_word' id='word_1_118' title='bbox 1038 2305 1166 2383; x_wconf 86' lang='lat' dir='ltr'><strong>‘Cito,&#39;</strong></span> <span class='ocrx_word' id='word_1_119' title='bbox 1184 2306 1245 2383; x_wconf 87' lang='lat' dir='ltr'><strong>ait,</strong></span> <span class='ocrx_word' id='word_1_120' title='bbox 1263 2306 1357 2371; x_wconf 85' lang='lat' dir='ltr'><strong>‘haec</strong></span> 
     </span>
     <span class='ocr_line' id='line_1_20' title="bbox 411 2402 1356 2485; baseline 0.005 -19"><span class='ocrx_word' id='word_1_121' title='bbox 411 2402 535 2467; x_wconf 86' lang='lat' dir='ltr'><strong>florida</strong></span> <span class='ocrx_word' id='word_1_122' title='bbox 565 2424 646 2469; x_wconf 91' lang='lat' dir='ltr'><strong>rosa</strong></span> <span class='ocrx_word' id='word_1_123' title='bbox 675 2413 887 2485; x_wconf 85' lang='lat' dir='ltr'><strong>marcescet3</strong></span> <span class='ocrx_word' id='word_1_124' title='bbox 921 2407 991 2470; x_wconf 90' lang='lat' dir='ltr'><strong>cito</strong></span> <span class='ocrx_word' id='word_1_125' title='bbox 1025 2404 1101 2469; x_wconf 93' lang='lat' dir='ltr'><strong>avis</strong></span> <span class='ocrx_word' id='word_1_126' title='bbox 1126 2404 1253 2470; x_wconf 90' lang='lat' dir='ltr'><strong>dilecta</strong></span> <span class='ocrx_word' id='word_1_127' title='bbox 1280 2406 1356 2471; x_wconf 91' lang='lat' dir='ltr'><strong>Deo</strong></span> 
     </span>
     <span class='ocr_line' id='line_1_21' title="bbox 410 2503 1357 2586; baseline 0.004 -20"><span class='ocrx_word' id='word_1_128' title='bbox 410 2503 577 2580; x_wconf 86' lang='lat' dir='ltr'><strong>avolabit,</strong></span> <span class='ocrx_word' id='word_1_129' title='bbox 594 2513 675 2586; x_wconf 89' lang='lat' dir='ltr'><strong>post</strong></span> <span class='ocrx_word' id='word_1_130' title='bbox 690 2523 754 2568; x_wconf 84' lang='lat' dir='ltr'><strong>sex</strong></span> <span class='ocrx_word' id='word_1_131' title='bbox 769 2505 813 2567; x_wconf 94' lang='lat' dir='ltr'><strong>ab</strong></span> <span class='ocrx_word' id='word_1_132' title='bbox 830 2503 895 2568; x_wconf 92' lang='lat' dir='ltr'><strong>hoc</strong></span> <span class='ocrx_word' id='word_1_133' title='bbox 913 2504 968 2568; x_wconf 90' lang='lat' dir='ltr'><strong>dic</strong></span> <span class='ocrx_word' id='word_1_134' title='bbox 985 2505 1221 2586; x_wconf 59' lang='lat' dir='ltr'><strong>septimanas?</strong></span> <span class='ocrx_word' id='word_1_135' title='bbox 1265 2504 1357 2570; x_wconf 87' lang='lat' dir='ltr'><strong>Con-</strong></span> 
     </span>
     <span class='ocr_line' id='line_1_22' title="bbox 410 2603 1357 2685; baseline 0.003 -20"><span class='ocrx_word' id='word_1_136' title='bbox 410 2609 532 2666; x_wconf 84' lang='lat' dir='ltr'><strong>secuta</strong></span> <span class='ocrx_word' id='word_1_137' title='bbox 557 2609 611 2666; x_wconf 87' lang='lat' dir='ltr'><strong>est</strong></span> <span class='ocrx_word' id='word_1_138' title='bbox 642 2603 836 2684; x_wconf 83' lang='lat' dir='ltr'><strong>evestigio</strong></span> <span class='ocrx_word' id='word_1_139' title='bbox 862 2623 977 2666; x_wconf 89' lang='lat' dir='ltr'><strong>rerum</strong></span> <span class='ocrx_word' id='word_1_140' title='bbox 1003 2605 1132 2666; x_wconf 87' lang='lat' dir='ltr'><strong>veritas</strong></span> <span class='ocrx_word' id='word_1_141' title='bbox 1159 2604 1357 2685; x_wconf 87' lang='lat' dir='ltr'><strong>pontificale</strong></span> 
     </span>
     <span class='ocr_line' id='line_1_23' title="bbox 411 2701 1355 2785; baseline 0.005 -22"><span class='ocrx_word' id='word_1_142' title='bbox 411 2701 641 2780; x_wconf 81' lang='lat' dir='ltr'><strong>vaticinium3</strong></span> <span class='ocrx_word' id='word_1_143' title='bbox 671 2721 821 2784; x_wconf 89' lang='lat' dir='ltr'><strong>namque</strong></span> <span class='ocrx_word' id='word_1_144' title='bbox 846 2702 920 2779; x_wconf 91' lang='lat' dir='ltr'><strong>illa,</strong></span> <span class='ocrx_word' id='word_1_145' title='bbox 949 2703 1074 2766; x_wconf 89' lang='lat' dir='ltr'><strong>nobilis</strong></span> <span class='ocrx_word' id='word_1_146' title='bbox 1107 2702 1277 2785; x_wconf 88' lang='lat' dir='ltr'><strong>propositi</strong></span> <span class='ocrx_word' id='word_1_147' title='bbox 1304 2711 1355 2768; x_wconf 90' lang='lat' dir='ltr'><strong>te·</strong></span> 
     </span>
     <span class='ocr_line' id='line_1_24' title="bbox 410 2794 1358 2885; baseline 0.006 -25"><span class='ocrx_word' id='word_1_148' title='bbox 410 2817 494 2877; x_wconf 85' lang='lat' dir='ltr'><strong>nax,</strong></span> <span class='ocrx_word' id='word_1_149' title='bbox 512 2800 680 2883; x_wconf 88' lang='lat' dir='ltr'><strong>praedicta</strong></span> <span class='ocrx_word' id='word_1_150' title='bbox 700 2799 756 2864; x_wconf 90' lang='lat' dir='ltr'><strong>die</strong></span> <span class='ocrx_word' id='word_1_151' title='bbox 772 2794 879 2864; x_wconf 78' lang='lat' dir='ltr'><strong>³citra</strong></span> <span class='ocrx_word' id='word_1_152' title='bbox 888 2801 1045 2885; x_wconf 72' lang='lat' dir='ltr'><strong>juventae</strong></span> <span class='ocrx_word' id='word_1_153' title='bbox 1061 2802 1245 2864; x_wconf 89' lang='lat' dir='ltr'><strong>terminum</strong></span> <span class='ocrx_word' id='word_1_154' title='bbox 1265 2801 1358 2866; x_wconf 89' lang='lat' dir='ltr'><strong>effla-</strong></span> 
     </span>
     <span class='ocr_line' id='line_1_25' title="bbox 410 2898 1356 2981; baseline 0.004 -20"><span class='ocrx_word' id='word_1_155' title='bbox 410 2898 482 2975; x_wconf 86' lang='lat' dir='ltr'><strong>vit;</strong></span> <span class='ocrx_word' id='word_1_156' title='bbox 514 2918 594 2962; x_wconf 88' lang='lat' dir='ltr'><strong>cum</strong></span> <span class='ocrx_word' id='word_1_157' title='bbox 627 2906 719 2963; x_wconf 90' lang='lat' dir='ltr'><strong>esset</strong></span> <span class='ocrx_word' id='word_1_158' title='bbox 752 2919 921 2963; x_wconf 90' lang='lat' dir='ltr'><strong>annorum</strong></span> <span class='ocrx_word' id='word_1_159' title='bbox 954 2899 1079 2981; x_wconf 77' lang='lat' dir='ltr'><strong>viginti</strong></span> <span class='ocrx_word' id='word_1_160' title='bbox 1102 2900 1227 2963; x_wconf 84' lang='lat' dir='ltr'><strong>trium.</strong></span> <span class='ocrx_word' id='word_1_161' title='bbox 1280 2900 1356 2966; x_wconf 92' lang='lat' dir='ltr'><strong>Nec</strong></span> 
     </span>
     <span class='ocr_line' id='line_1_26' title="bbox 409 2995 1357 3079; baseline 0.006 -21"><span class='ocrx_word' id='word_1_162' title='bbox 409 2995 520 3060; x_wconf 89' lang='lat' dir='ltr'><strong>multo</strong></span> <span class='ocrx_word' id='word_1_163' title='bbox 554 3005 646 3079; x_wconf 92' lang='lat' dir='ltr'><strong>post,</strong></span> <span class='ocrx_word' id='word_1_164' title='bbox 680 2998 771 3062; x_wconf 90' lang='lat' dir='ltr'><strong>idem</strong></span> <span class='ocrx_word' id='word_1_165' title='bbox 804 2999 928 3062; x_wconf 88' lang='lat' dir='ltr'><strong>beatus</strong></span> <span class='ocrx_word' id='word_1_166' title='bbox 949 2996 1038 3061; x_wconf 91' lang='lat' dir='ltr'><strong>vidit</strong></span> <span class='ocrx_word' id='word_1_167' title='bbox 1070 2999 1195 3062; x_wconf 90' lang='lat' dir='ltr'><strong>somnii</strong></span> <span class='ocrx_word' id='word_1_168' title='bbox 1222 2998 1357 3064; x_wconf 87' lang='lat' dir='ltr'><strong>visione</strong></span> 
     </span>
     <span class='ocr_line' id='line_1_27' title="bbox 406 3095 1356 3179; baseline 0.006 -23"><span class='ocrx_word' id='word_1_169' title='bbox 406 3101 569 3157; x_wconf 85' lang='lat' dir='ltr'><strong>sanctum</strong></span> <span class='ocrx_word' id='word_1_170' title='bbox 586 3095 794 3178; x_wconf 89' lang='lat' dir='ltr'><strong>Dionysium</strong></span> <span class='ocrx_word' id='word_1_171' title='bbox 812 3097 983 3179; x_wconf 77' lang='lat' dir='ltr'><strong>virginem</strong></span> <span class='ocrx_word' id='word_1_172' title='bbox 1006 3097 1234 3160; x_wconf 85' lang='lat' dir='ltr'><strong>amicabiliter</strong></span> <span class='ocrx_word' id='word_1_173' title='bbox 1251 3117 1356 3162; x_wconf 91' lang='lat' dir='ltr'><strong>manu</strong></span> 
     </span>
     <span class='ocr_line' id='line_1_28' title="bbox 408 3194 1356 3281; baseline 0.006 -27"><span class='ocrx_word' id='word_1_174' title='bbox 408 3197 595 3270; x_wconf 79' lang='lat' dir='ltr'><strong>tenentem,</strong></span> <span class='ocrx_word' id='word_1_175' title='bbox 622 3201 729 3256; x_wconf 87' lang='lat' dir='ltr'><strong>etex</strong></span> <span class='ocrx_word' id='word_1_176' title='bbox 756 3196 899 3258; x_wconf 87' lang='lat' dir='ltr'><strong>oraculo</strong></span> <span class='ocrx_word' id='word_1_177' title='bbox 928 3194 1046 3259; x_wconf 94' lang='lat' dir='ltr'><strong>divino</strong></span> <span class='ocrx_word' id='word_1_178' title='bbox 1079 3202 1280 3260; x_wconf 87' lang='lat' dir='ltr'><strong>constanter</strong></span> <span class='ocrx_word' id='word_1_179' title='bbox 1296 3198 1356 3281; x_wconf 91' lang='lat' dir='ltr'><strong>ju·</strong></span> 
     </span>
     <span class='ocr_line' id='line_1_29' title="bbox 408 3290 1356 3376; baseline 0.007 -23"><span class='ocrx_word' id='word_1_180' title='bbox 408 3290 546 3354; x_wconf 83' lang='lat' dir='ltr'><strong>bentern</strong></span> <span class='ocrx_word' id='word_1_181' title='bbox 580 3298 667 3354; x_wconf 92' lang='lat' dir='ltr'><strong>uta</strong></span> <span class='ocrx_word' id='word_1_182' title='bbox 693 3292 833 3356; x_wconf 81' lang='lat' dir='ltr'><strong>famulis</strong></span> <span class='ocrx_word' id='word_1_183' title='bbox 862 3293 1149 3358; x_wconf 89' lang='lat' dir='ltr'><strong>honorificaretur</strong></span> <span class='ocrx_word' id='word_1_184' title='bbox 1174 3295 1211 3357; x_wconf 92' lang='lat' dir='ltr'><strong>in</strong></span> <span class='ocrx_word' id='word_1_185' title='bbox 1242 3298 1356 3376; x_wconf 88' lang='lat' dir='ltr'><strong>terris,</strong></span> 
     </span>
     <span class='ocr_line' id='line_1_30' title="bbox 408 3389 1354 3473; baseline 0.008 -22"><span class='ocrx_word' id='word_1_186' title='bbox 408 3389 500 3452; x_wconf 87' lang='lat' dir='ltr'><strong>sicut</strong></span> <span class='ocrx_word' id='word_1_187' title='bbox 517 3409 539 3453; x_wconf 91' lang='lat' dir='ltr'><strong>a</strong></span> <span class='ocrx_word' id='word_1_188' title='bbox 554 3390 691 3473; x_wconf 90' lang='lat' dir='ltr'><strong>Sponso</strong></span> <span class='ocrx_word' id='word_1_189' title='bbox 712 3399 749 3456; x_wconf 89' lang='lat' dir='ltr'><strong>et</strong></span> <span class='ocrx_word' id='word_1_190' title='bbox 765 3392 916 3456; x_wconf 90' lang='lat' dir='ltr'><strong>Domino</strong></span> <span class='ocrx_word' id='word_1_191' title='bbox 933 3395 1166 3456; x_wconf 83' lang='lat' dir='ltr'><strong>venerabatur</strong></span> <span class='ocrx_word' id='word_1_192' title='bbox 1187 3394 1223 3456; x_wconf 93' lang='lat' dir='ltr'><strong>in</strong></span> <span class='ocrx_word' id='word_1_193' title='bbox 1244 3395 1354 3460; x_wconf 88' lang='lat' dir='ltr'><strong>coelis.</strong></span> 
     </span>
     <span class='ocr_line' id='line_1_31' title="bbox 409 3487 1357 3569; baseline 0.008 -20"><span class='ocrx_word' id='word_1_194' title='bbox 409 3487 468 3550; x_wconf 88' lang='lat' dir='ltr'><strong>Ita</strong></span> <span class='ocrx_word' id='word_1_195' title='bbox 494 3490 790 3554; x_wconf 84' lang='lat' dir='ltr'><strong>crebrescentibus</strong></span> <span class='ocrx_word' id='word_1_196' title='bbox 813 3489 857 3554; x_wconf 86' lang='lat' dir='ltr'><strong>ad</strong></span> <span class='ocrx_word' id='word_1_197' title='bbox 880 3491 1034 3555; x_wconf 88' lang='lat' dir='ltr'><strong>tumbam</strong></span> <span class='ocrx_word' id='word_1_198' title='bbox 1059 3492 1248 3569; x_wconf 89' lang='lat' dir='ltr'><strong>miraculis,</strong></span> <span class='ocrx_word' id='word_1_199' title='bbox 1266 3494 1357 3558; x_wconf 88' lang='lat' dir='ltr'><strong>edic-</strong></span> 
     </span>
     <span class='ocr_line' id='line_1_32' title="bbox 408 3589 1355 3671; baseline 0.008 -23"><span class='ocrx_word' id='word_1_200' title='bbox 408 3592 482 3649; x_wconf 91' lang='lat' dir='ltr'><strong>tum</strong></span> <span class='ocrx_word' id='word_1_201' title='bbox 511 3594 551 3651; x_wconf 92' lang='lat' dir='ltr'><strong>ut</strong></span> <span class='ocrx_word' id='word_1_202' title='bbox 583 3607 710 3671; x_wconf 85' lang='lat' dir='ltr'><strong>corpus</strong></span> <span class='ocrx_word' id='word_1_203' title='bbox 736 3590 931 3671; x_wconf 79' lang='lat' dir='ltr'><strong>virgineum</strong></span> <span class='ocrx_word' id='word_1_204' title='bbox 963 3589 1151 3667; x_wconf 86' lang='lat' dir='ltr'><strong>levaretur,</strong></span> <span class='ocrx_word' id='word_1_205' title='bbox 1185 3597 1221 3653; x_wconf 90' lang='lat' dir='ltr'><strong>et</strong></span> <span class='ocrx_word' id='word_1_206' title='bbox 1248 3592 1355 3656; x_wconf 88' lang='lat' dir='ltr'><strong>altius</strong></span> 
     </span>
     <span class='ocr_line' id='line_1_33' title="bbox 407 3683 1354 3770; baseline 0.01 -24"><span class='ocrx_word' id='word_1_207' title='bbox 407 3683 607 3765; x_wconf 83' lang='lat' dir='ltr'><strong>efferretur3</strong></span> <span class='ocrx_word' id='word_1_208' title='bbox 641 3687 890 3770; x_wconf 91' lang='lat' dir='ltr'><strong>inventumque</strong></span> <span class='ocrx_word' id='word_1_209' title='bbox 924 3694 1037 3752; x_wconf 90' lang='lat' dir='ltr'><strong>totum</strong></span> <span class='ocrx_word' id='word_1_210' title='bbox 1070 3690 1106 3751; x_wconf 91' lang='lat' dir='ltr'><strong>in</strong></span> <span class='ocrx_word' id='word_1_211' title='bbox 1139 3690 1272 3753; x_wconf 87' lang='lat' dir='ltr'><strong>cineres</strong></span> <span class='ocrx_word' id='word_1_212' title='bbox 1298 3710 1354 3755; x_wconf 86' lang='lat' dir='ltr'><strong>so-</strong></span> 
     </span>
    </p>
   </div>
   <div class='ocr_carea' id='block_1_4' title="bbox 401 3941 1356 4288">
    <p class='ocr_par' dir='ltr' id='par_1_4' title="bbox 440 3941 1356 4016">
     <span class='ocr_line' id='line_1_34' title="bbox 440 3941 1356 4016; baseline 0.01 -25"><span class='ocrx_word' id='word_1_213' title='bbox 440 3941 558 4008; x_wconf 82' lang='lat' dir='ltr'><strong>¹Beoti.]</strong></span> <span class='ocrx_word' id='word_1_214' title='bbox 588 3947 617 3996; x_wconf 86' lang='lat' dir='ltr'><strong>C.</strong></span> <span class='ocrx_word' id='word_1_215' title='bbox 640 3946 676 3996; x_wconf 86' lang='lat' dir='ltr'><strong>D.</strong></span> <span class='ocrx_word' id='word_1_216' title='bbox 699 3947 748 4008; x_wconf 82' lang='lat' dir='ltr'><strong>E.;</strong></span> <span class='ocrx_word' id='word_1_217' title='bbox 776 3948 867 4009; x_wconf 84' lang='lat' dir='ltr'><strong>sancti,</strong></span> <span class='ocrx_word' id='word_1_218' title='bbox 926 3945 1137 4008; x_wconf 65' lang='grc' dir='ltr'><strong>3(ἷίἰνιυίιυεπιαε</strong></span> <span class='ocrx_word' id='word_1_219' title='bbox 1149 3949 1279 3998; x_wconf 80' lang='lat' dir='ltr'><strong>terminum</strong></span> <span class='ocrx_word' id='word_1_220' title='bbox 1290 3953 1356 4016; x_wconf 81' lang='lat' dir='ltr'><strong>efflu-</strong></span> 
     </span>
    </p>

    <p class='ocr_par' dir='ltr' id='par_1_5' title="bbox 403 4011 1355 4079">
     <span class='ocr_line' id='line_1_35' title="bbox 403 4011 1355 4079; baseline 0.007 -18"><span class='ocrx_word' id='word_1_221' title='bbox 403 4011 437 4063; x_wconf 75' lang='lat' dir='ltr'><strong>A.</strong></span> <span class='ocrx_word' id='word_1_222' title='bbox 450 4014 479 4063; x_wconf 79' lang='lat' dir='ltr'><strong>S.</strong></span> <span class='ocrx_word' id='word_1_223' title='bbox 491 4014 523 4064; x_wconf 82' lang='lat'><strong>1..</strong></span> <span class='ocrx_word' id='word_1_224' title='bbox 892 4016 949 4079; x_wconf 72' lang='lat' dir='ltr'><strong>vit]</strong></span> <span class='ocrx_word' id='word_1_225' title='bbox 969 4019 998 4066; x_wconf 85' lang='lat' dir='ltr'><strong>C.</strong></span> <span class='ocrx_word' id='word_1_226' title='bbox 1019 4017 1052 4066; x_wconf 82' lang='grc' dir='ltr'><strong>Ε.</strong></span> <span class='ocrx_word' id='word_1_227' title='bbox 1070 4019 1103 4067; x_wconf 88' lang='lat' dir='ltr'><strong>F.</strong></span> <span class='ocrx_word' id='word_1_228' title='bbox 1126 4018 1176 4078; x_wconf 78' lang='lat'><strong><em>1..;</em></strong></span> <span class='ocrx_word' id='word_1_229' title='bbox 1191 4020 1256 4068; x_wconf 84' lang='lat' dir='ltr'><strong>citra</strong></span> <span class='ocrx_word' id='word_1_230' title='bbox 1273 4021 1355 4069; x_wconf 90' lang='lat' dir='ltr'><strong>immi-</strong></span> 
     </span>
    </p>

    <p class='ocr_par' dir='ltr' id='par_1_6' title="bbox 891 4088 1354 4152">
     <span class='ocr_line' id='line_1_36' title="bbox 891 4088 1354 4152; baseline 0.009 -18"><span class='ocrx_word' id='word_1_231' title='bbox 891 4090 990 4135; x_wconf 83' lang='lat' dir='ltr'><strong>nentem</strong></span> <span class='ocrx_word' id='word_1_232' title='bbox 1014 4088 1148 4135; x_wconf 80' lang='lat' dir='ltr'><strong>terminum</strong></span> <span class='ocrx_word' id='word_1_233' title='bbox 1177 4088 1289 4137; x_wconf 86' lang='lat' dir='ltr'><strong>efflatum</strong></span> <span class='ocrx_word' id='word_1_234' title='bbox 1316 4094 1354 4152; x_wconf 91' lang='lat' dir='ltr'><strong>ut,</strong></span> 
     </span>
    </p>

    <p class='ocr_par' dir='ltr' id='par_1_7' title="bbox 401 4147 1354 4288">
     <span class='ocr_line' id='line_1_37' title="bbox 435 4147 1354 4216; baseline 0.012 -18"><span class='ocrx_word' id='word_1_235' title='bbox 435 4147 603 4216; x_wconf 56' lang='lat' dir='ltr'><strong>’Martyriq</strong></span> <span class='ocrx_word' id='word_1_236' title='bbox 627 4152 661 4203; x_wconf 71' lang='lat' dir='ltr'><strong>A.</strong></span> <span class='ocrx_word' id='word_1_237' title='bbox 676 4154 707 4203; x_wconf 86' lang='lat' dir='ltr'><strong>C.</strong></span> <span class='ocrx_word' id='word_1_238' title='bbox 724 4154 760 4205; x_wconf 86' lang='lat' dir='ltr'><strong>D.</strong></span> <span class='ocrx_word' id='word_1_239' title='bbox 772 4156 805 4205; x_wconf 82' lang='grc' dir='ltr'><strong>Ε.</strong></span> <span class='ocrx_word' id='word_1_240' title='bbox 817 4155 866 4216; x_wconf 68' lang='lat'><strong>1..;</strong></span> <span class='ocrx_word' id='word_1_241' title='bbox 891 4155 927 4205; x_wconf 90' lang='lat' dir='ltr'><strong>D.</strong></span> <span class='ocrx_word' id='word_1_242' title='bbox 945 4157 1001 4214; x_wconf 84' lang='lat' dir='ltr'><strong>M.;</strong></span> <span class='ocrx_word' id='word_1_243' title='bbox 1026 4156 1091 4205; x_wconf 84' lang='lat' dir='ltr'><strong>citra</strong></span> <span class='ocrx_word' id='word_1_244' title='bbox 1111 4157 1281 4208; x_wconf 85' lang='lat' dir='ltr'><strong>imminentem</strong></span> <span class='ocrx_word' id='word_1_245' title='bbox 1304 4163 1354 4209; x_wconf 89' lang='lat' dir='ltr'><strong>ter·</strong></span> 
     </span>
     <span class='ocr_line' id='line_1_38' title="bbox 401 4220 1188 4288; baseline 0.009 -20"><span class='ocrx_word' id='word_1_246' title='bbox 401 4221 497 4282; x_wconf 70' lang='lat' dir='ltr'><strong>munis,</strong></span> <span class='ocrx_word' id='word_1_247' title='bbox 508 4220 538 4270; x_wconf 82' lang='lat' dir='ltr'><strong>S.</strong></span> <span class='ocrx_word' id='word_1_248' title='bbox 891 4225 986 4274; x_wconf 86' lang='lat' dir='ltr'><strong>minum</strong></span> <span class='ocrx_word' id='word_1_249' title='bbox 998 4224 1102 4288; x_wconf 84' lang='lat' dir='ltr'><strong>efflavit,</strong></span> <span class='ocrx_word' id='word_1_250' title='bbox 1111 4226 1146 4276; x_wconf 75' lang='lat' dir='ltr'><strong>A.</strong></span> <span class='ocrx_word' id='word_1_251' title='bbox 1159 4225 1188 4276; x_wconf 87' lang='lat' dir='ltr'><strong>S.</strong></span> 
     </span>
    </p>
   </div>
   <div class='ocr_carea' id='block_1_5' title="bbox 0 0 1561 4968">
    <p class='ocr_par' dir='ltr' id='par_1_8' title="bbox 0 0 1561 4968">
     <span class='ocr_line' id='line_1_39' title="bbox 0 0 1561 4968; baseline 0 0"><span class='ocrx_word' id='word_1_252' title='bbox 0 0 1561 4968; x_wconf 95' lang='lat' dir='ltr'><strong> </strong></span> 
     </span>
    </p>
   </div>
  </div>
 </body>
</html>
