3112 4968
210 516 278 562 nra.
296 498 351 579 11.]
429 513 542 562 casm
566 514 694 562 aneon
718 513 930 562 ANGLORUM.
1010 585 1013 600 ,
1096 498 1163 566 385

211 669 353 734 nasterii
376 670 431 734 die
449 670 679 735 innocentum
694 671 846 735 dedicari
858 671 1037 754 praecepit.
1090 671 1160 749 lta,
1173 698 1276 738 nearent

211 769 278 832 aevi
292 769 416 850 plenus
433 776 469 833 et
483 771 614 851 gloriae,
631 764 832 853 ¹simplioem
849 771 1009 853 spiritum
1025 770 1159 836 coelesti
1171 749 1308 839 diifflrfh

210 885 318 948 regno
339 868 519 949 exhibuit3
547 876 583 934 et
606 871 642 952 in
664 870 783 934 eadem
799 869 944 934 ecelesia
968 869 1022 933 die
1044 869 1159 935 Theo·
1226 907 1230 919 ·

209 966 347 1048 phaniae
371 969 528 1051 sepultus
557 974 622 1046 est,
647 987 751 1050 quam
773 971 848 1051 ipse
871 969 932 1033 illo
957 969 1157 1051 compositi-

208 1064 285 1128 onis
308 1085 434 1148 genere
454 1068 586 1150 primus
603 1068 641 1130 in
657 1065 788 1149 Anglia
812 1067 1044 1132 aedificaverat
1064 1070 1157 1150 quod

208 1183 300 1228 nuno
322 1185 409 1248 pene
432 1168 546 1234 cuncti
568 1167 778 1249 sumptuosis
800 1167 1008 1230 aemulantur
1025 1185 1156 1248 expen-

207 1263 267 1327 sis
334 1263 525 1347 Progenies
552 1265 864 1344 West-Saxonum,
893 1285 972 1349 quae
1008 1265 1045 1329 in
1076 1267 1156 1330 Bri·

207 1363 328 1427 tannia
348 1383 371 1428 a
385 1364 542 1444 Gerdicio
564 1365 762 1448 quingentis
785 1373 820 1430 et
842 1365 1064 1448 septuaginta
1085 1385 1156 1430 uno

206 1461 317 1539 annis,
332 1464 377 1527 ab
394 1464 548 1546 Egberto
563 1464 721 1529 ducentis
736 1472 771 1529 et
783 1465 970 1546 sexaginta
989 1483 1059 1528 uno
1075 1484 1155 1547 reg·

206 1568 364 1639 neverat,
389 1562 425 1625 in
448 1563 509 1627 illo
534 1563 578 1626 ad
604 1563 817 1645 regnandum
841 1563 982 1650 omnino
1007 1563 1153 1628 defecit:

206 1677 287 1722 nam
311 1661 443 1726 recenti
465 1661 578 1725 adhuc
603 1663 728 1744 regalis
743 1662 874 1725 funeris
896 1662 1005 1738 luctu,
1024 1661 1315 1735 flami-naonis.

180 1829 182 1833 y
205 1755 281 1836 dus,
298 1758 375 1842 ipso
399 1760 635 1843 Theophaniae
656 1761 723 1838 die,
738 1766 878 1824 extorta
894 1780 916 1824 a
940 1761 1154 1844 principibus
1167 1735 1223 1775 Μ’

204 1854 283 1935 fide,
308 1849 454 1942 arripu'it
477 1859 648 1936 diadema,
678 1860 837 1943 quamvis
863 1858 969 1940 Angli
993 1859 1155 1924 dicante

202 1973 286 2035 rege
298 1976 498 2022 concessum
512 1979 520 2037 ;
548 1959 641 2041 quod
655 1965 772 2022 tamen
785 1958 897 2038 magis
913 1958 1154 2023 benevolentia

202 2072 307 2135 quam
327 2055 461 2139 judicio
490 2057 634 2140 allegari
666 2057 839 2133 existimo,
863 2063 903 2120 ut
928 2056 981 2119 illi
1008 2055 1152 2120 haeredis

203 2158 310 2216 tatem
350 2155 607 2219 transfunderet
636 2174 735 2218 suam
773 2154 872 2237 cujus
909 2173 1044 2236 semper
1073 2174 1152 2218 sus·

201 2258 337 2331 pectam
366 2253 534 2317 habuerat
559 2253 772 2336 potentiam3
807 2254 978 2334 quamvis,
1011 2260 1051 2317 ut
1082 2273 1151 2318 non
1188 2309 1191 2316 ,

201 2349 331 2414 celetur
345 2353 486 2429 veritas,
512 2371 577 2434 pro
605 2371 755 2434 persona
776 2370 880 2433 quam
903 2352 1056 2432 gerebat,
1072 2371 1150 2434 reg·

200 2467 283 2532 num
304 2451 488 2532 prudentia
504 2459 538 2515 et
555 2451 755 2515 fortitudine
777 2451 986 2532 gubernaret
1010 2451 1040 2514 si
1061 2451 1148 2531 legi·

200 2545 283 2610 ume
311 2550 532 2632 suscepisset.
588 2551 761 2632 Denique,
788 2549 928 2612 vivente
963 2548 1148 2627 Eduardo,

198 2663 414 2731 quaecunque
438 2655 561 2712 contra
583 2668 661 2712 eum
692 2649 783 2712 bella
810 2648 953 2711 incensa
974 2655 1056 2712 sunt
1077 2649 1147 2711 vir-

198 2749 273 2808 tute
303 2765 367 2810 sua
397 2747 612 2829 compressit,
637 2748 779 2828 cupiens
809 2765 847 2810 se
877 2746 1147 2828 provincialibus

138 2883 139 2886 κ
198 2849 386 2922 ostentare,
400 2845 437 2908 in
452 2866 597 2929 regnum
622 2846 753 2909 sedicet
775 2864 836 2926 spe
857 2845 1026 2926 prurienti
1043 2844 1146 2908 anhe-

196 2939 285 3006 lans.
338 2943 532 3022 Griffinum,
551 2939 608 3009 ²ut
630 2963 735 3026 supra
757 2943 843 3020 dixi,
865 2963 982 3024 regem
1001 2942 1146 3006 Waien·

197 3040 298 3118 sium,
324 3049 360 3106 et
380 3045 477 3126 prius
502 3043 593 3107 bello
608 3044 704 3119 vicit,
727 3049 763 3106 et
785 3042 1003 3124 postmodum
1028 3043 1146 3105 multis

140 3177 142 3183 ·
168 3213 170 3216 ¹
195 3138 327 3226 nisibus
343 3161 521 3225 resurgere
538 3148 720 3205 conantem
741 3141 854 3222 capite
870 3140 1040 3223 privavit3
1067 3160 1145 3204 suc·

195 3257 349 3304 cessores
363 3242 450 3305 duos
467 3259 512 3304 ex
526 3235 735 3313 satellitibus
747 3240 831 3315 suis,
849 3239 975 3316 fratres
993 3239 1147 3322 ejusdem

197 3334 344 3415 Griffini,
371 3339 521 3418 Blegent
542 3345 577 3400 et
601 3337 842 3412 Riwallonem‚
860 3337 920 3418 qui
943 3356 1021 3399 eum
1045 3338 1145 3400 obse·

195 3595 259 3642 ney:
272 3581 314 3629 the
324 3595 389 3641 pope
401 3580 507 3642 granted
517 3581 546 3642 it,
557 3595 590 3628 on
600 3595 658 3629 eon·
683 3577 712 3626 oi
719 3578 761 3626 the
772 3577 904 3626 threnodia
921 3591 953 3624 on
970 3575 1013 3624 tho
1030 3576 1107 3624 death
1118 3577 1147 3624 of

194 3650 274 3698 dition
285 3651 340 3698 that
347 3649 476 3698 Eadward
487 3649 588 3711 should,
595 3649 658 3697 with
682 3647 811 3696 Eadward
822 3645 865 3694 the
877 3644 1064 3706 conferma—⁶
1074 3646 1144 3694 Here

195 3720 237 3768 the
253 3734 343 3780 money
353 3719 386 3768 he
395 3719 483 3767 would
500 3719 565 3767 have
584 3723 658 3779 spent
681 3716 810 3765 Eadward
826 3715 899 3776 king,
913 3714 942 3762 of
960 3715 1057 3776 Angles
1079 3715 1144 3775 lord,

196 3789 222 3836 in
233 3789 289 3838 that
295 3803 402 3850 voyage,
413 3788 657 3848 buildamonastery
681 3790 738 3834 sent
748 3785 788 3833 his
800 3783 924 3833 stecdiast
937 3785 994 3832 soul
1010 3787 1036 3831 to
1048 3781 1144 3844 Christ,

197 3859 225 3905 in
235 3857 332 3907 honour
342 3857 371 3906 oi
380 3858 417 3907 St.
429 3857 515 3906 Peter.
681 3855 707 3903 ia
730 3855 771 3903 the
793 3855 909 3915 kingdom
926 3852 956 3911 ο]
975 3854 1029 3900 God
1050 3865 1066 3900 o
1088 3852 1142 3914 bolp
1228 3910 1232 3916 1

680 3923 774 3986 spirit!
795 3921 870 3988 (Sar.
882 3921 975 3971 chron.
993 3921 1042 3970 An.
1057 3920 1143 3983 106⁵.)

233 3993 241 4026 ¹
265 3995 405 4058 Simplices
425 3994 541 4057 spiritum
567 3993 657 4042 celesti
681 3989 1143 4054 KingEadwarddiedonThursday

196 4079 271 4126 reguo
279 4064 413 4127 exhibuit]
424 4064 478 4112 The
490 4063 606 4112 editoroi
614 4063 656 4111 the
680 4062 722 4110 the
735 4061 778 4109 tth
789 4061 817 4110 oi
825 4061 885 4110 Jan.
895 4062 968 4117 1066,
976 4058 1142 4120 afterareign

195 4135 281 4184 Saron
303 4133 438 4184 Chronicle
465 4132 541 4198 (Rev.
564 4133 591 4182 J.
614 4133 657 4180 In·
680 4127 1143 4190 oitwenty-threeyecrs,sixmonths,

194 4200 277 4266 mam)
289 4208 406 4265 suggests
418 4203 473 4252 thet
481 4202 657 4262 Mahnesbury
681 4201 732 4249 and
742 4204 927 4260 twenty-seven
937 4197 1012 4258 days.

195 4271 241 4321 has
257 4273 367 4334 adopted
384 4273 427 4320 the
437 4285 499 4333 very
510 4271 656 4333 expression
715 4266 772 4317 ¹Ut
782 4283 856 4331 sopra
866 4263 943 4324 dixi]
957 4266 1037 4327 §19⁶9
1045 4280 1071 4325 p.
1084 4267 1141 4314 8⁸0.

934 4339 991 4402 20
