3112 4968
385 459 453 526 000
607 475 721 524 unsri
744 475 871 524 neouu
896 473 1111 524 iuononuu.
1199 459 1341 541 [n1n.11.

389 634 493 700 minae
509 631 682 697 deferrent
695 631 910 716 obsequium,
924 633 1038 695 minus
1054 633 1237 696 Danorum
1264 650 1342 694 sus-

391 736 547 818 pirarent
575 733 780 816 imperium3
811 733 915 796 simul
941 751 983 796 eo
1007 731 1100 796 laeto
1123 731 1267 796 Ricardi
1290 731 1341 793 al-

393 835 513 899 liciens
526 833 687 915 gratiam,
702 839 742 896 ut
755 851 878 914 parum
894 833 936 896 de
950 832 1135 915 nepotibus
1160 831 1343 912 cogitaret,

395 935 455 1017 qui
475 933 562 996 alios
587 952 632 996 ex
656 930 817 997 Cnutone
841 952 879 997 se
909 939 1150 1014 suscepturum
1174 936 1343 1013 speraret.

397 1033 616 1098 Monasteria
623 1031 856 1114 perAngliam
870 1034 942 1108 suis
957 1039 992 1096 et
1006 1033 1116 1114 patris
1129 1029 1346 1096 excursioni-

396 1134 462 1198 bus
477 1131 604 1215 partim
620 1132 765 1208 soedata,
778 1132 905 1216 partim
920 1139 1032 1209 eruta,
1048 1130 1243 1216 reparavit3
1268 1130 1347 1193 loca

399 1230 517 1297 omnia
528 1232 565 1294 in
577 1231 704 1313 quibus
717 1239 947 1315 pugnaverat,
963 1240 999 1296 et
1015 1225 1202 1313 ¹praeoipue
1214 1229 1348 1294 Assan·

400 1333 542 1407 donam,
568 1331 722 1396 eeclesiis
747 1331 953 1414 insignivit3
986 1331 1163 1395 ministros
1185 1328 1350 1404 instituit,

401 1433 462 1514 qui
483 1451 546 1514 per
568 1431 733 1495 succidua
755 1432 949 1496 seculorum
964 1432 1142 1495 volumina
1167 1431 1244 1494 Deo
1266 1448 1350 1510 sup-

401 1530 571 1614 plicarent
584 1551 648 1613 pro
663 1530 842 1595 animabus
862 1532 911 1594 ibi
933 1532 1136 1596 occisorum.
1189 1529 1245 1594 Ad
1268 1549 1352 1593 oon-

402 1630 630 1694 secrationem
646 1630 740 1694 illius
761 1630 913 1694 basilicae
938 1638 973 1694 et
989 1631 1066 1713 ipse
1086 1629 1195 1705 affuit,
1211 1637 1247 1694 et
1260 1627 1352 1710 opti-

401 1738 513 1794 mates
540 1727 734 1810 Anglorum
762 1738 798 1795 et
828 1731 1008 1796 Danorum
1036 1730 1181 1794 donaria
1208 1747 1354 1812 porrex-

403 1836 528 1893 erunt:
568 1848 671 1906 nuno,
702 1836 742 1893 ut
770 1823 913 1908 ²sertur,
946 1830 1081 1895 modica
1113 1837 1166 1894 est
1207 1829 1355 1893 ecelesia

403 1928 606 2012 presbytero
626 1927 837 2010 parochiano
859 1930 1031 2012 delegata.
1083 1924 1355 2012 ³Supraoorpus

404 2027 595 2091 beatissimi
618 2027 804 2107 Edmundi,
819 2051 921 2113 quem
945 2029 1157 2112 antiquiores
1179 2028 1275 2094 Dani
1297 2029 1352 2090 in-

406 2127 625 2202 terfecerant,
660 2128 840 2194 basilicam
882 2131 1103 2193 animositate
1135 2129 1233 2210 regia
1272 2145 1357 2191 oon·

407 2227 550 2304 struxit,
577 2227 738 2291 abbatem
766 2236 802 2293 et
822 2228 1009 2295 monachos
1035 2229 1199 2306 instituit,
1224 2227 1359 2310 praedia

408 2326 520 2390 multa
545 2333 581 2390 et
602 2347 731 2409 magna
753 2329 920 2393 contulit:
944 2335 1090 2411 praestat
1111 2328 1282 2410 hodieque
1297 2326 1358 2390 do-

408 2446 531 2490 norum
557 2427 633 2512 ejus
658 2429 849 2510 amplitudo
877 2429 1026 2510 integra,
1054 2429 1146 2510 quod
1174 2428 1272 2491 locus
1297 2425 1358 2489 ille

408 2526 501 2590 infra
527 2545 565 2589 se
589 2527 737 2609 aspiciat
764 2529 880 2592 omnia
902 2547 990 2610 pene
1018 2526 1158 2609 Angliae
1185 2526 1357 2590 coenobia.

408 2618 560 2708 ⁴Corpus
570 2628 665 2691 beati
682 2627 809 2709 Eliegi,
824 2628 917 2710 apud
931 2634 1091 2692 sanctum
1102 2627 1253 2691 Paulum
1264 2625 1359 2688 Lon·

410 2726 524 2790 donioe
556 2727 779 2804 tumulatum,
811 2729 888 2810 ipse
913 2729 985 2792 suis
1013 2727 1173 2791 manibus
1197 2726 1277 2789 inde
1309 2724 1361 2787 le·

411 2828 521 2903 vavit,
544 2833 580 2889 et
604 2828 648 2890 ad
674 2828 816 2910 propria
842 2828 1035 2904 remissum,
1061 2827 1176 2908 dignis
1202 2831 1361 2889 assenta-

412 2926 565 2991 tionibus
587 2934 774 2991 veneratus
801 2934 865 2990 est.
917 2921 996 2992 ⁵Ita
1028 2925 1155 3002 omnia,
1179 2944 1258 3009 quaa
1285 2925 1362 3006 ipse

413 3032 449 3090 et
475 3032 713 3090 antecessores
740 3026 795 3088 sui
818 3027 1049 3108 deliquerant,
1073 3025 1245 3106 corrigere
1268 3031 1364 3088 sata·

414 3142 512 3205 gene,
538 3125 664 3206 prioris
688 3125 870 3209 injustitiae
888 3146 1032 3191 naevum·
1049 3125 1143 3209 apud
1159 3123 1273 3188 Deum
1292 3124 1365 3188 sor-

450 3405 459 3438 ¹
472 3407 601 3471 Praeripoe
617 3402 812 3475 Arandunum]
831 3407 879 3458 See
902 3406 946 3456 the
964 3405 1110 3468 depositary
1124 3406 1153 3455 ol
1161 3406 1203 3455 the
1218 3405 1327 3456 remeius
1338 3408 1370 3457 of

416 3480 477 3530 Sex.
489 3478 583 3530 Chron.
595 3476 666 3527 Au).
680 3480 753 3528 1020.
767 3509 769 3512 -
903 3477 974 3540 King
984 3477 1130 3540 Eadmund,
1140 3476 1183 3525 the
1194 3491 1268 3524 name
1284 3477 1313 3525 ol
1320 3477 1365 3526 the

451 3546 588 3611 'Fertur.]
614 3547 643 3598 S.
662 3546 698 3597 D.
719 3547 764 3607 E.;
786 3546 879 3609 ferunt,
902 3545 1369 3609 placewasobangedtoEadmunds-

416 3618 451 3669 A.
465 3619 496 3668 G.
507 3619 539 3667 1..
903 3616 977 3665 burh.
1012 3615 1044 3665 ln
1062 3617 1105 3665 the
1127 3631 1188 3677 year
1205 3619 1279 3678 1⁰20,
1297 3616 1368 3666 Cnut

453 3686 558 3751 ’Supra
572 3700 658 3748 empus
674 3684 808 3734 beatissimi
827 3686 880 3733 Ed·
903 3687 996 3735 rebuilt
1017 3686 1059 3733 the
1081 3690 1234 3746 monastery,
1249 3685 1300 3734 ond
1322 3702 1369 3735 ex·

416 3757 502 3806 mundi
518 3793 525 3807 .
539 3791 546 3806 .
560 3791 566 3806 .
587 3755 711 3804 basilicum
726 3755 880 3804 animositate
903 3755 988 3819 pelled
998 3756 1040 3804 the
1052 3754 1153 3805 secular
1163 3755 1256 3816 clerks,
1262 3755 1368 3819 placing

416 3828 488 3890 regia
495 3825 656 3888 caumate]
667 3824 730 3872 This
737 3829 881 3888 monastery
903 3827 1001 3876 therein
1012 3841 1029 3874 a
1040 3825 1186 3875 conventos
1201 3825 1368 3875 Benedictine

417 3913 472 3947 was
483 3902 528 3945 not
538 3895 650 3946 founded
665 3895 700 3956 by
713 3894 797 3944 Cnut:
815 3895 881 3958 Sigi-
904 3897 994 3947 monks
1005 3895 1068 3944 from
1081 3896 1162 3944 Hulm
1172 3896 1199 3942 in
1211 3894 1329 3945 Norsollr.

417 3968 490 4018 berht
501 3967 564 4029 king
581 3966 610 4015 of
625 3965 808 4027 East-Anglia,
819 3965 882 4014 har·
945 3963 957 3996 ⁴
980 3967 1073 4028 Carpo
1100 3965 1165 4014 beati
1188 3963 1282 4026 Elfegi,
1303 3967 1370 4028 opud

417 4041 461 4101 ing
471 4037 606 4088 abdicated
612 4036 654 4084 his
662 4035 759 4096 throne,
764 4035 831 4084 built
837 4036 879 4084 the
905 4039 1014 4084 muctam
1026 4035 1133 4084 Paolum
1144 4033 1276 4083 Loadonioe
1288 4039 1370 4084 tamu-

417 4093 570 4170 m'onastery,
586 4111 613 4155 at
635 4107 691 4155 that
714 4105 774 4154 time
796 4105 1086 4172 called,1atam...ad
1100 4104 1201 4168 proprio
1218 4103 1368 4168 remissum]

417 4177 681 4238 Beaderichesworlh,
690 4176 741 4224 ond
751 4176 880 4224 beoamea
893 4221 895 4250 ᾖ
905 4175 953 4224 See
964 4179 1022 4224 note
1033 4172 1052 4236 ⁴,
1063 4190 1090 4236 p.
1102 4179 1159 4224 265.
1241 4175 1246 4182 ‘

416 4249 494 4296 monk
514 4247 593 4296 there.
629 4245 671 4296 On
694 4245 727 4296 its
747 4244 878 4307 becoming
940 4243 1026 4307 ⁵lta.]
1043 4244 1077 4295 A.
1090 4244 1118 4294 S.
1132 4245 1166 4295 D.
1179 4244 1212 4292 E.
1224 4243 1267 4304 1..;
1289 4244 1325 4306 in,
1338 4246 1369 4295 Ο.
