3128 4976
384 449 449 513 190
598 466 710 514 cnsrl
736 465 862 513 ancum
887 463 1102 512 anchorato.
1194 449 1278 530 [mn.
1297 467 1334 512 11.

384 621 439 684 vir
463 621 672 705 perspicacis
697 622 828 703 ingenii
854 629 890 685 et
911 622 1030 685 multae
1054 620 1238 698 facundiae,
1262 623 1334 704 qui,

384 720 512 783 dudum
536 723 823 803 concrepantibus
845 721 998 803 undique
1024 720 1194 786 bellorum
1216 722 1334 803 frago-

384 821 492 896 ribus,
513 821 551 883 in
575 820 759 884 Franciam
782 820 828 884 ad
851 819 1023 884 Karolum
1044 818 1191 884 Calvum
1215 828 1332 884 trans-

384 918 484 994 ierat,
500 920 600 1003 cujus
620 927 746 1001 rogatu
766 919 1010 983 Hierarchiam
1026 912 1206 1002 ¹Dionysii
1220 918 1332 983 Areo-

383 1019 513 1099 pagitae
536 1019 574 1081 in
601 1018 764 1082 Latinum
788 1020 831 1083 de
859 1018 985 1084 Graeco
1014 1019 1157 1082 verbum
1182 1038 1201 1082 e
1227 1021 1334 1082 verbo

383 1118 584 1197 transtulit3
617 1119 812 1199 composuit
844 1119 949 1182 etiam
980 1117 1105 1181 librum
1132 1137 1235 1200 quem
1264 1112 1334 1208 areg)

383 1209 496 1300 φύσεων
506 1218 672 1306 μερισμοῦ,
683 1218 719 1280 id
729 1225 795 1294 est,
808 1217 863 1280 De
880 1217 1027 1281 Naturae
1040 1216 1234 1294 Divisione,
1247 1217 1331 1281 titu-

381 1315 480 1391 lavit,
498 1323 639 1397 propter
653 1317 918 1399 perplexitatem
932 1316 1204 1381 necessariarum
1218 1335 1333 1399 quaes·

381 1414 515 1476 tionum
537 1415 740 1479 solvendam
763 1416 850 1479 benc
869 1416 1013 1494 utilem;
1034 1416 1065 1478 si
1082 1421 1198 1480 tamen
1213 1416 1332 1496 ignos-

382 1520 482 1576 catur
511 1515 543 1576 ei
572 1515 609 1576 in
638 1515 823 1597 aliquibus,
850 1515 888 1578 in
917 1515 1042 1597 quibus
1071 1533 1094 1577 a
1125 1514 1330 1578 Latinorum

381 1613 520 1677 tramite
536 1613 702 1689 deviavit,
724 1614 806 1677 dum
828 1614 865 1676 in
891 1612 1035 1677 Graecos
1062 1613 1188 1676 acriter
1212 1615 1332 1678 oculos

380 1709 538 1775 intendit.
601 1711 871 1777 Succedcntihus
896 1713 996 1776 annis
1020 1711 1255 1776 munificentia
1269 1712 1329 1775 El·

380 1808 468 1872 fredi
484 1811 629 1873 allectus
644 1813 741 1875 venit
751 1809 974 1893 Angliam,et
984 1811 1076 1893 apud
1085 1812 1331 1876 monasterium

380 1915 537 1972 nostrum
551 1929 573 1972 a
586 1911 701 1991 pueris
716 1929 804 1993 quos
818 1911 966 1975 docebat
976 1909 1141 1992 graphiis,
1157 1917 1198 1973 ut
1209 1910 1332 1986 fertur,

380 2007 587 2088 perforatus,
600 2010 705 2072 etiam
717 2016 852 2096 martyr
862 2010 1055 2073 aestimatus
1071 2015 1144 2088 est;
1158 2010 1251 2091 quod
1265 2010 1329 2072 sub

380 2107 543 2188 ambiguo
561 2107 606 2170 ad
623 2107 785 2191 injuriam
803 2116 933 2172 sanctae
954 2109 1077 2171 animae
1089 2127 1159 2170 non
1170 2107 1329 2184 dixerim,

380 2225 459 2269 cum
476 2206 644 2270 celebrem
664 2207 739 2290 ejus
761 2208 960 2272 memoriam
981 2206 1200 2289 sepulchrum
1222 2207 1258 2270 in
1280 2208 1327 2270 si·

380 2296 490 2368 nistra
506 2305 615 2368 latere
640 2307 773 2382 altaria,
789 2312 825 2369 et
840 2306 1008 2388 epitaphii
1031 2305 1181 2387 prodant
1195 2325 1327 2382 versae,

380 2404 493 2467 scabri
508 2405 646 2487 quidem
663 2413 699 2468 et
714 2405 868 2468 moderni
885 2405 1050 2487 temporis
1065 2405 1148 2468 lima
1160 2412 1329 2482 carentes,

379 2502 440 2565 sed
458 2504 503 2566 ab
517 2505 661 2587 antiquo
675 2524 744 2567 non
760 2504 847 2567 adeo
861 2504 1042 2569 deformes

379 2657 390 2685 ‘
409 2649 591 2716 Clauditur
601 2653 638 2715 in
652 2652 784 2716 tumulo
799 2659 941 2716 sanctus
954 2652 1112 2734 sophista
1122 2651 1145 2715 J
1149 2651 1314 2730 ohannes,

406 2749 477 2828 Qui
490 2751 622 2815 ditatus
636 2760 711 2815 erat
719 2751 794 2835 jam
808 2752 930 2815 vivens
944 2751 1106 2832 dogmate
1118 2752 1205 2813 miro
1219 2771 1228 2827 ;

404 2849 578 2933 Martyrio
591 2851 732 2913 tandem
748 2850 878 2913 Christi
892 2850 1120 2914 conscendere
1135 2869 1291 2930 regnum,

407 2947 499 3026 Quo,
513 2950 651 3036 meruit,
665 2956 813 3030 regnant
828 2949 941 3012 sancti
955 2969 1017 3031 per
1030 2949 1148 3012 secula
1162 2947 1301 3012 cuncti.'

219 3123 367 3163 temeram
425 3094 531 3178 5123.
555 3094 624 3159 His
638 3088 914 3160 ²collateralibus
933 3116 997 3159 rex
1022 3094 1144 3171 fretuS,
1169 3095 1329 3159 liberales

217 3177 472 3273 tllzffilil‘artes
496 3195 580 3257 totis
595 3194 754 3258 meruius
776 3195 912 3271 andren,
936 3195 973 3258 in
999 3201 1135 3258 tantum
1159 3202 1198 3258 ut
1212 3194 1327 3257 nurus

379 3291 573 3374 Anglorum
601 3293 706 3356 fuerit
730 3292 787 3358 vel
809 3294 845 3356 in
867 3293 1094 3374 intelligendo
1116 3294 1250 3356 acutior
1272 3294 1328 3357 vel

377 3393 415 3456 in
433 3393 692 3474 interpretando
712 3393 926 3474 elegantior3
950 3394 1044 3474 quod
1066 3411 1107 3456 eo
1123 3391 1235 3473 magis
1253 3400 1329 3456 erat

377 3599 463 3648 where
480 3600 512 3648 hc
531 3599 670 3648 translated
689 3598 731 3648 the
742 3599 841 3647 famous
913 3595 1047 3660 ¹Dionysii
1068 3597 1255 3661 Areopagum]
1284 3601 1327 3648 Jo-

378 3669 450 3717 work
472 3669 501 3717 of
525 3670 561 3717 St.
585 3669 675 3729 Derris,
697 3668 787 3728 bishop
815 3667 844 3716 of
866 3668 962 3716 hannes
984 3668 1085 3716 Scottus
1111 3667 1241 3716 dissented
1264 3667 1327 3717 from

378 3737 486 3796 Athens,
507 3737 570 3784 ‘De
587 3737 680 3785 divinis
698 3737 841 3786 nominihus
866 3737 908 3786 the
927 3737 1076 3798 opiniones
1095 3737 1228 3802 Hincmar,
1246 3737 1329 3788 Anas-

377 3807 418 3855 rel
435 3807 583 3856 coelestibus
602 3807 751 3855 ordinibus!
798 3806 841 3854 He
866 3807 956 3868 tesius,
967 3807 1017 3854 and
1035 3806 1077 3854 the
1093 3808 1166 3856 other
1181 3808 1328 3857 translatore

377 3877 400 3924 is
418 3875 560 3925 mentioned
575 3877 609 3936 by
629 3876 700 3937 Pope
717 3876 742 3923 N
744 3875 840 3924 icholas
865 3876 893 3924 of
901 3876 943 3924 the
956 3876 1010 3924 Life
1019 3875 1048 3923 of
1055 3876 1093 3925 St.
1105 3877 1186 3925 Denis
1197 3878 1240 3926 the
1249 3876 1328 3926 Areo-

377 3945 400 3995 1.
418 3947 445 3994 in
464 3946 504 3994 his
527 3945 616 4007 epistlc
639 3950 665 3994 to
688 3946 793 3993 Chnrles
815 3945 839 3993 le
864 3947 960 4007 pagite.
977 3945 1036 3994 vvho
1055 3946 1119 3994 have
1142 3947 1280 4006 attempted
1302 3951 1328 3995 to

376 4016 498 4076 Chauve;
525 4016 572 4064 but
593 4015 636 4063 the
657 4029 719 4076 year
746 4015 775 4063 ol
799 4013 839 4062 his
864 4014 970 4075 identify
982 4015 1024 4064 the
1036 4016 1090 4063 first
1105 4014 1196 4075 bishop
1208 4015 1236 4062 ol
1250 4016 1326 4062 Paris

375 4085 452 4134 death
475 4086 498 4133 is
519 4085 658 4134 uncertain.
704 4084 839 4150 (Ussher’s
864 4085 926 4133 with
938 4085 979 4133 the
990 4085 1117 4132 Athenian
1127 4088 1230 4144 martyr.

375 4155 477 4216 Sylloge
494 4155 551 4204 Vct.
569 4155 652 4214 Epist.
666 4153 756 4202 Hiber.
769 4166 837 4204 xxn.
899 4151 1128 4215 ²Coltaterac'oaa]
1147 4153 1174 4200 S.
1184 4154 1214 4200 E.
1224 4153 1254 4201 L.
1266 4169 1273 4213 ;
1289 4153 1327 4201 la·

374 4222 428 4285 4⁰.)
863 4224 995 4286 teralibus,
1008 4225 1037 4273 C.
1049 4224 1084 4272 D.
1099 4225 1133 4272 K.
1146 4223 1185 4272 Μ.
