3112 4968
158 462 304 542 maru]
380 481 645 530 auerruncuu
670 480 884 529 Auenonuu.
1046 459 1113 528 367

160 640 391 722 praetendens.
443 640 555 704 Porro
577 640 665 704 illud
686 640 839 705 humana
860 641 1029 705 miracula
1052 659 1114 703 ex-

161 739 264 816 cedit,
294 739 442 804 hominis
467 741 596 804 mortui
628 740 740 807 crines
766 747 802 804 et
825 760 960 822 ungues
984 741 1113 803 sensim

162 838 356 921 pullulare3
382 859 475 924 quos
489 839 628 917 Osvven,
644 839 803 923 quaedam
831 847 955 904 sancta
978 839 1114 916 mulier,

164 945 250 1020 quot
279 939 379 1002 annis
404 938 468 1003 hos
491 939 662 1016 tonderet,
692 940 772 1004 illos
799 939 989 1016 desecaret,
1015 957 1115 1002 sacra

166 1039 388 1103 veneratione
415 1038 564 1121 posteris
589 1038 752 1104 tuturos:
785 1046 917 1103 sanctae
939 1039 1116 1120 temerita-

165 1139 212 1201 tis
236 1137 390 1215 foemina,
414 1157 493 1219 quaa
525 1158 642 1204 coram
674 1145 831 1202 cerneret
862 1145 897 1201 et
921 1135 1116 1202 contrecta-

167 1245 221 1301 ret
243 1244 341 1300 artus
358 1238 483 1322 quibus
505 1237 616 1302 omnis
639 1237 780 1301 inferior
799 1237 856 1300 hic
878 1244 934 1301 est
954 1236 1116 1300 mundus

168 1335 219 1400 At
233 1356 303 1399 non
320 1337 372 1400 ita
389 1336 588 1414 LefstanuS,
604 1337 794 1419 praecipitis
813 1344 848 1400 et
865 1336 1040 1400 effrenatae
1057 1355 1119 1399 au-

170 1436 278 1499 daciae
294 1436 507 1513 adolescens,
524 1437 585 1520 qui
606 1437 672 1500 sibi
694 1455 820 1518 corpus
836 1436 1000 1519 martyris
1016 1436 1119 1498 minis

170 1536 401 1600 inflatioribus
423 1537 560 1600 ostendi
577 1543 765 1618 exegerat3
788 1535 902 1613 samae,
917 1542 957 1598 ut
971 1534 1120 1612 dicebat,

170 1636 341 1699 incertum
375 1635 442 1700 fide
471 1636 650 1701 oculorum
681 1635 873 1718 ponderare
897 1629 1120 1698 ¹deliberans.

174 1733 328 1817 Ideoque
351 1736 521 1818 praerupti
537 1754 644 1799 ausus
667 1755 808 1818 poenam
822 1735 915 1812 tulit,
931 1752 1050 1798 amens
1073 1733 1122 1796 ef-

172 1833 305 1912 lectus3
333 1841 462 1917 etpost
476 1834 648 1899 modicum
670 1834 864 1898 scaturiens
881 1834 1070 1910 vermibus,
1088 1840 1123 1896 et

172 1939 340 1997 mortuus.
393 1933 505 1998 Novit
527 1935 683 2017 profecto
708 1934 802 2016 quod
825 1934 908 1999 olim
935 1951 1125 1997 consueve-

174 2039 241 2109 rat,
258 2033 356 2097 novit
370 2032 575 2097 Edmnndus
589 2033 691 2098 modo
704 2033 841 2098 facere:

247 2180 418 2244 ‘Parcere
433 2181 599 2266 subjectis
617 2189 652 2245 et
667 2181 841 2245 debellare
856 2177 1047 2264 superbos.’
1105 2177 1107 2180 ’

178 2329 314 2409 Quibus
328 2329 462 2392 artibus
477 2329 528 2393 ita
542 2329 608 2393 sibi
628 2329 739 2393 omnis
755 2328 948 2392 Britanniae
968 2327 1126 2391 devinxit

175 2428 320 2505 incolae,
337 2435 374 2492 ut
396 2430 536 2492 beatum
558 2448 596 2492 se
620 2429 657 2492 in
680 2427 799 2511 primis
823 2434 958 2491 astruat
981 2427 1040 2510 qui
1057 2446 1127 2490 coe-
1157 2449 1161 2455 ·

176 2528 320 2594 nobium
353 2528 448 2592 illius
470 2529 526 2592 vel
560 2548 699 2592 nummo
721 2528 778 2592 vel
800 2527 931 2591 valenti
961 2526 1150 2590 illustrat.,‹

182 2628 258 2711 Ipsi
274 2646 412 2709 quoque
430 2647 543 2709 reges,
561 2628 708 2692 aliorum
723 2627 866 2704 domini,
889 2646 1009 2690 servos
1030 2645 1068 2689 se
1084 2627 1127 2688 il·-

180 2728 248 2792 lius
271 2727 477 2808 gloriantur,
495 2734 530 2791 et
547 2747 709 2791 coronam
732 2727 765 2790 ei
787 2728 919 2809 regiam
940 2725 1127 2802 missitant,

181 2845 310 2909 magno
327 2827 427 2890 siuti
444 2827 567 2891 volunt
583 2827 790 2890 redimentes
807 2824 1024 2891 commercio.
1054 2825 1128 2888 Ex-

183 2933 318 2990 actores
346 2927 583 3007 vectigalium,
605 2927 666 3008 qui
699 2925 787 2989 alias
819 2921 1046 3003 bacchantur,
1075 2923 1129 2986 fas

183 3025 350 3109 nefasque
361 3025 470 3108 juxta
486 3027 680 3103 metientes,
697 3026 745 3089 ibi
763 3026 936 3109 supplices
954 3025 1042 3088 citra
1058 3024 1128 3088 fos-

183 3132 298 3194 satum
323 3125 435 3188 sancti
464 3125 637 3190 Edmundi
661 3125 875 3206 litigationes
903 3124 1043 3201 sistimt,
1066 3141 1129 3187 ex·

183 3225 273 3309 perti
295 3225 482 3289 multorum
504 3245 645 3308 poenam
661 3225 723 3307 qui
738 3223 1030 3307 perseverandum
1046 3216 1130 3306 ²pu·

184 3331 315 3388 taruut.

236 3423 254 3505 §
279 3422 355 3486 214.
385 3422 539 3487 Nomina
572 3441 710 3505 quoque
736 3422 930 3505 puellarum
956 3421 1044 3502 regii
1071 3440 1131 3502 ge·
1144 3430 1288 3532 ssffliiiffa

184 3522 278 3585 neris
296 3522 492 3604 aliquarum
503 3523 573 3586 oris
589 3522 658 3584 mei
675 3522 886 3603 perstringet
897 3521 1109 3603 praeconium
1122 3540 1131 3599 ;
1145 3533 1221 3574 suna·

185 3620 333 3704 praefata
348 3622 531 3685 brevitatis
548 3622 662 3696 venia,
679 3640 784 3703 quam
801 3641 870 3684 nou
887 3619 1019 3683 fastidii
1045 3639 1134 3682 nau·
1183 3654 1185 3658 ·

187 3740 259 3797 sea,
285 3720 346 3784 sed
367 3720 613 3784 miraculorum
636 3720 722 3783 facit
742 3720 893 3784 inscitia.
946 3717 1050 3784 Anna
1072 3737 1136 3782 rex

188 3820 417 3884 Orientalium
435 3818 630 3902 Anglorum
652 3819 774 3883 habuit
794 3818 885 3883 filias
905 3825 991 3895 tres,-
1013 3809 1135 3882 Ethel-

226 4110 234 4142 ¹
249 4106 415 4179 Deliberas]
436 4113 466 4162 C.
484 4111 519 4161 D.
539 4112 591 4171 Ε.;
607 4111 650 4160 de·
677 4110 728 4159 this
737 4109 837 4172 subject
845 4123 934 4158 occurs
941 4110 1091 4159 inMalmes.
1098 4110 1139 4158 De

186 4184 316 4243 sidetana,
327 4182 360 4232 A.
373 4182 403 4231 S«
413 4182 445 4231 L.
679 4179 752 4230 Gest.
777 4179 873 4228 Pontis.
901 4181 947 4229 lib.
969 4193 998 4232 11.
1020 4195 1046 4241 p.
1071 4179 1140 4242 leot,

224 4251 235 4280 ²
252 4245 401 4320 Petierunt]
424 4251 505 4301 Much
521 4264 596 4301 more
618 4265 651 4298 on
678 4250 740 4299 edit.
752 4249 833 4299 Lond.
