3112 4968
421 453 487 518 352
636 471 756 518 enarr
780 471 907 518 arcun
932 470 1147 518 rnouonuu.
1223 457 1308 536 [nm.
1333 475 1373 528 ιι,

419 636 524 706 raret,
550 629 605 692 oui
633 630 867 694 erubescerem
888 649 958 694 non
982 629 1131 692 credere.
1184 628 1313 692 Mulier
1331 629 1372 692 in

420 728 603 793 Berkeleia
623 731 845 806 mansitabat,
870 728 1059 806 maleficiis,
1076 736 1115 792 ut
1138 735 1219 811 post
1245 730 1371 810 patuit,

418 829 566 906 insueta,
590 830 815 910 auguriorum
839 836 996 892 veterum
1024 847 1094 891 non
1124 828 1246 904 inscia,
1277 830 1370 910 gulae

417 937 578 1009 patrona,
593 929 797 1011 petulantiae
820 929 963 1004 arbitra,
978 927 1120 1010 flagitiis
1143 947 1213 992 non
1235 947 1369 1010 ponens

418 1028 569 1104 modum,
594 1029 687 1109 quod
716 1035 808 1092 esset
831 1027 944 1091 adhuc
966 1029 1055 1091 citra
1083 1026 1228 1104 senium,
1252 1028 1368 1092 vicino

418 1128 498 1191 lieet
512 1127 599 1211 pede
613 1129 755 1210 pulsans
771 1127 959 1192 senectutis
982 1127 1126 1190 aditum.
1179 1126 1269 1190 Haec
1287 1127 1365 1190 cum

418 1228 567 1308 quadam
585 1227 641 1291 die
660 1229 913 1304 convivaretur,
937 1227 1113 1290 cornicula
1127 1245 1232 1308 quam
1250 1227 1287 1288 in
1306 1227 1367 1291 de-

416 1327 503 1390 liciis
527 1326 688 1406 babebat,
703 1328 858 1392 vocalius
876 1326 992 1403 solito,
1008 1327 1125 1390 nescio
1142 1325 1238 1408 quid,
1253 1327 1365 1390 corni·

415 1435 496 1490 cata
511 1434 584 1490 est:
612 1447 681 1509 quo
700 1428 830 1504 audito,
846 1427 994 1490 dominae
1010 1425 1171 1489 cultellus
1190 1419 1245 1489 ¹de
1259 1446 1364 1490 manu

415 1526 556 1604 excidit,
578 1527 686 1590 simul
706 1533 741 1591 et
764 1528 883 1591 vultus
906 1524 1096 1607 expalluit3
1125 1530 1173 1603 et,
1195 1525 1364 1606 producto

414 1626 558 1707 gemitu,
573 1626 735 1703 ‘Hodie,’
750 1626 812 1704 ait,
826 1626 890 1688 ‘ad
911 1625 1070 1689 ultimum
1091 1625 1225 1690 sulcum
1249 1623 1361 1689 meum
1378 1662 1382 1668 ·

413 1727 573 1807 pervenit
609 1733 790 1805 aratrum3
827 1725 928 1790 bodie
959 1725 1098 1788 audiam
1129 1731 1164 1789 et
1193 1725 1361 1806 accipiam

412 1826 544 1906 grande
566 1825 841 1890 incommodum?
893 1824 981 1889 Cum
1007 1824 1099 1888 dicto
1127 1825 1273 1888 nuncius
1298 1825 1361 1887 mi·

412 1925 578 1989 seriarum
593 1925 756 1989 intravit:
784 1931 1031 2007 percunctatus
1048 1925 1130 2006 quid
1154 1925 1206 1987 ita
1221 1923 1360 2014 vultuo-

412 2043 472 2086 sus
506 2025 721 2101 adventaret,
744 2023 907 2101 ‘Affero,'
932 2023 1058 2106 inquit,
1086 2024 1176 2086 ‘tibi
1203 2043 1249 2086 ex
1275 2023 1360 2087 villa

411 2123 496 2202 illa,'
513 2132 549 2189 et
572 2125 764 2189 nominavit
787 2125 913 2200 locum,
930 2124 1014 2187 ‘lilii
1035 2123 1167 2187 obitum
1193 2129 1228 2186 et
1251 2123 1358 2186 totius

410 2223 550 2288 familiae
567 2243 612 2288 ex
632 2225 747 2288 subita
764 2225 863 2289 ruina
878 2223 1076 2287 interitum!
1121 2217 1222 2286 ²Hoo
1240 2222 1359 2286 dolore

411 2324 553 2387 foemina
581 2331 703 2406 pectus
728 2323 848 2388 saucia
876 2323 1041 2387 continuo
1064 2322 1246 2401 decubuit3
1278 2341 1359 2384 sen-

410 2424 569 2506 tiensque
599 2425 755 2487 morbum
787 2442 968 2505 perrepere
997 2421 1041 2486 ad
1072 2422 1206 2498 vitalia,
1237 2440 1359 2502 super-

410 2523 510 2587 stites
525 2524 663 2600 liberos,
677 2523 882 2587 monachum
892 2530 926 2586 et
936 2521 1150 2598 monacham,
1163 2520 1359 2603 pernicibus

410 2622 573 2688 invitavit
587 2623 754 2704 epistolia.
784 2620 1020 2686 Advenientes
1034 2641 1119 2685 voce
1133 2620 1358 2701 singultiente

410 2722 621 2805 alloquitur:
646 2723 758 2804 ‘Ego,
784 2722 858 2798 filii,
887 2720 1036 2804 quodam
1066 2741 1142 2784 meo
1171 2720 1358 2784 miserabili

410 2821 484 2886 fato
501 2822 700 2887 daemonicis
722 2841 857 2904 semper
876 2821 1007 2884 artibus
1028 2820 1188 2900 inservii;
1213 2839 1278 2901 ego
1304 2820 1356 2884 vi-

410 2923 536 2985 tiorum
551 2921 703 2986 omnium
725 2923 873 2998 sentina,
891 2941 956 3003 ego
973 2921 1210 2984 illecebrarum
1227 2919 1357 3000 magis·

410 3027 465 3083 tra
478 3021 540 3084 fui.
579 3022 666 3084 Erat
677 3029 805 3098 tamen,
822 3020 913 3084 inter
927 3020 1001 3084 haec
1017 3019 1120 3097 mala,
1136 3037 1215 3102 spes
1229 3026 1355 3082 vestrae

409 3119 586 3201 religionis
604 3140 682 3202 quae
700 3121 859 3183 miseram
875 3120 1034 3202 palparet
1050 3120 1199 3183 animam
1213 3139 1221 3199 ;
1245 3119 1288 3182 de
1301 3138 1356 3181 me

409 3219 604 3303 desperata,
628 3220 664 3282 in
680 3220 778 3284 vobis
800 3218 1010 3298 reclinabar;
1036 3238 1099 3283 vos
1122 3218 1356 3301 proponebam

407 3327 683 3401 propugnatores
707 3319 871 3383 adversus
885 3320 1069 3396 daemoneS,
1086 3325 1219 3382 tutores
1234 3325 1356 3381 contra

408 3420 616 3483 saevissimos
639 3419 766 3484 hostes.
820 3417 924 3482 Nunc
946 3419 1064 3501 igitur,
1083 3419 1165 3501 quia
1186 3418 1230 3481 ad
1253 3417 1356 3480 finem

410 3520 489 3582 vitae
515 3520 657 3596 accessi,
680 3527 715 3583 et
736 3518 815 3583 illos
838 3518 971 3582 habebo
988 3525 1169 3582 exactores
1192 3518 1229 3580 in
1249 3536 1357 3600 poena

407 3637 495 3700 quos
511 3618 617 3682 habui
638 3638 798 3682 suasores
822 3619 858 3680 in
881 3618 996 3699 culpa,
1021 3637 1107 3699 rogo
1122 3637 1185 3682 vos
1205 3636 1267 3700 per
1283 3635 1356 3679 ma·

407 3725 507 3780 terna
528 3720 646 3794 ubera,
672 3719 702 3781 si
724 3738 794 3800 qua
815 3717 912 3794 fides,
935 3717 965 3780 si
988 3737 1058 3798 qua
1078 3717 1201 3800 pictae,
1217 3724 1258 3779 ut
1279 3734 1358 3779 mea

406 3817 530 3880 saltem
549 3817 690 3881 tentetis
714 3817 878 3881 alleviare
899 3819 1093 3881 tormenta:
1118 3815 1218 3905 etde
1242 3816 1358 3878 anima

405 3917 542 3997 quidem
583 3917 789 3980 sententiam
826 3917 997 4000 prolatam
1035 3936 1105 3979 non
1135 3915 1355 3991 revocabitis,

438 4168 603 4241 ¹Demonu.]
623 4176 653 4224 C.
671 4176 706 4224 D.
726 4175 865 4235 E.;omit·
925 4169 1354 4234 2Ηοεἀοῖονε.]Α.Ο.1).Ε.;Ιποο
1400 4190 1403 4196 ’

402 4245 444 4292 ted
457 4245 482 4292 in
493 4248 527 4293 Α.
540 4245 568 4293 S.
581 4245 612 4293 L.
890 4243 959 4292 dicto
970 4247 996 4292 et
1006 4243 1101 4304 dolore,
1113 4243 1141 4291 S.
1155 4241 1186 4291 L.
