3128 4976
409 466 475 530 240
631 479 745 527 cusin
770 479 895 526 nncuu
921 479 1135 526 Anononuu.
1221 465 1365 544 [mam

411 637 558 719 replevit
574 635 751 700 monachis
767 634 996 716 regularibus
1031 627 1239 716 ¹Expulerat
1258 641 1363 698 antea

411 736 522 817 regali
532 735 692 818 jussione
708 734 933 799 Adelwoldus
951 733 1095 796 clericos
1114 733 1156 796 de
1167 733 1361 810 Wintonia,

410 837 472 916 qui
497 854 588 912 cum,
616 829 719 898 ²data
749 833 815 896 sibi
843 832 985 914 optione
1007 841 1047 895 ut
1071 839 1132 895 aut
1155 832 1361 913 regulariter

410 934 568 998 viverent
589 942 651 996 aut
668 936 745 997 loco
766 932 938 1007 cederent,
961 933 1073 1012 magis
1090 933 1198 995 vitam
1221 931 1360 996 mollem

410 1032 609 1113 elegissent,
630 1039 713 1096 tunc
738 1038 815 1096 tota
839 1031 953 1093 insula
976 1031 1117 1094 incertis
1140 1032 1360 1110 vagabantur

410 1132 561 1195 sedibus
626 1131 684 1196 Ita
708 1131 761 1194 his
789 1131 899 1194 tribus
926 1130 1008 1194 viris
1036 1130 1232 1210 agentibus,
1258 1131 1360 1211 quasi

410 1231 557 1294 triformi
581 1231 710 1294 lumine
731 1228 897 1310 Angliam
922 1235 1115 1304 serenante,
1137 1228 1253 1291 densae
1276 1229 1358 1293 viti-

410 1349 508 1392 orum
537 1331 687 1393 tenebrae
704 1322 904 1392 ³evanuere.
956 1321 1056 1405 *Quo
1083 1327 1212 1390 factum
1235 1335 1300 1402 est,
1318 1335 1358 1390 ut

410 1428 571 1510 Edgarus
586 1427 864 1492 Glastoniensem
887 1426 1078 1502 ecclesiam,
1097 1446 1201 1507 quam
1224 1446 1359 1508 semper

409 1547 481 1610 prae
521 1528 678 1591 omnibus
716 1525 853 1602 dilexit,
899 1527 1035 1606 magnis
1081 1526 1357 1607 possessionibus

409 1626 657 1709 amplificaret3
692 1633 727 1690 et
757 1626 793 1687 in
827 1625 997 1701 omnibus,
1025 1644 1104 1705 quae
1132 1624 1176 1686 ad
1202 1625 1357 1688 ecclesiae

409 1725 566 1788 decorem
594 1726 673 1793 sive,
690 1724 876 1788 utilitatem
902 1724 1088 1804 pertinent,
1117 1729 1189 1786 tam
1211 1723 1358 1787 interius

409 1843 512 1905 quam
547 1825 700 1887 exterius
732 1823 942 1904 invigilaret.
1004 1821 1232 1902 Privilegium
1259 1841 1356 1899 sane,

408 1923 500 2003 quod
527 1922 638 1986 eidem
661 1922 816 1986 ecclesiae
842 1920 1001 1997 contulit,
1028 1917 1262 1985 huic'nostrae
1285 1921 1356 1984 his·

408 2021 520 2098 toriae,
541 2023 632 2086 sicut
654 2023 689 2085 in
713 2041 830 2086 eorum
855 2019 999 2102 antiqua
1022 2019 1164 2084 scedula
1180 2020 1262 2100 legi,
1286 2041 1356 2086 non

408 2127 462 2184 est
483 2122 670 2185 absurdum
683 2123 844 2185 inserere.

248 2236 362 2327 {affigo
460 2220 564 2304 §lou
584 2215 668 2284 ‘⁵In
680 2220 818 2285 nomine
834 2219 976 2285 Domini
991 2222 1100 2285 nostri
1109 2222 1133 2286 J
1136 2242 1198 2286 esu
1214 2219 1354 2284 Christi.

245 2338 387 2436 ιοδιῖιὲιγοιιινιιη
408 2318 578 2397 Quamvis
604 2321 743 2385 decreta
773 2318 974 2402 pontificum
1001 2329 1036 2385 et
1062 2323 1169 2385 verba
1195 2320 1355 2384 sacerdo·
1403 2393 1404 2396 Ἴ

442 2509 451 2542 ¹
464 2513 603 2576 Expulerat
615 2550 622 2564 .
635 2548 642 2562 .
656 2549 663 2564 .
675 2515 704 2562 de
719 2513 868 2576 wintone]
893 2525 948 2574 rex,
958 2513 1026 2562 tilius
1036 2513 1183 2562 Aedmundi
1193 2513 1271 2574 regis,
1282 2515 1356 2574 cujus

405 2583 460 2632 'l'be
471 2585 571 2632 secular
576 2585 668 2644 priests
675 2598 743 2632 were
751 2583 868 2644 expelled
894 2583 1006 2630 studium
1018 2583 1112 2631 divinis
1123 2583 1235 2631 cultibus
1253 2583 1356 2642 potissi-

406 2652 469 2701 from
481 2653 523 2701 the
534 2654 577 2702 old
588 2654 692 2702 minster
703 2657 729 2701 et
737 2653 868 2702 Winehes·
893 2665 961 2698 mum
983 2653 1142 2714 invigilabat,
1170 2651 1203 2700 ad
1230 2656 1355 2700 monaste·

406 2725 446 2771 ter
456 2724 482 2770 in
493 2723 536 2772 the
547 2739 608 2784 year
623 2727 682 2784 963,
692 2723 727 2783 by
738 2723 868 2771 command
893 2721 958 2768 rium
976 2726 1071 2770 sanctae
1082 2722 1133 2770 Dei
1150 2721 1279 2782 genitricis
1297 2721 1355 2769 Ma·

406 2792 437 2840 ol
456 2793 526 2855 King
549 2794 661 2854 Eadgar.
678 2791 777 2858 (Thom.
797 2793 868 2841 Rud-
893 2790 938 2838 riae
960 2791 987 2838 in
1005 2791 1188 2853 Glestingebiri
1210 2791 1355 2850 frequenter

407 2863 494 2923 borne,
516 2862 632 2911 Historia
653 2862 739 2923 Major
757 2861 868 2911 Winton.
892 2859 1038 2923 adveniens,
1049 2865 1074 2909 et
1085 2860 1192 2909 eundem
1202 2861 1286 2908 locum
1301 2861 1354 2908 cla-

407 2931 485 2992 Angl.
497 2931 567 2981 Sacr.
579 2945 638 2992 pars
651 2943 669 2979 1.
681 2946 707 2991 p.
720 2926 791 2991 218.)
892 2928 952 2977 riori
973 2944 1027 2989 prae
1050 2931 1150 2979 caeteris
1168 2930 1291 2991 dignitate
1309 2944 1353 2977 ex·

443 2997 532 3047 ²Doto
551 3000 600 3048 eibi
618 2999 733 3061 optione]
757 2999 868 3048 Glossed
892 2999 979 3048 tollere
995 3013 1093 3048 summo
1108 3000 1239 3062 elaborans
1258 2999 1353 3061 studio,

407 3069 433 3115 in
445 3069 589 3130 L.‘erege
601 3069 715 3117 scilieet!
891 3067 966 3126 plura
998 3069 1183 3130 admodumque
1218 3068 1352 3130 magnilica

442 3133 454 3166 ³
465 3131 613 3204 livescere]
625 3136 659 3185 A.
668 3138 699 3185 L.
708 3137 769 3185 omit
779 3137 814 3185 all
824 3137 867 3186 the
891 3138 1026 3200 privilegia
1036 3140 1150 3201 eontulit,
1161 3139 1287 3188 communi
1298 3140 1352 3198 epi-

406 3209 460 3253 text
478 3205 541 3253 from
560 3207 715 3255 ‘evanuere'
734 3212 760 3254 to
778 3204 791 3270 ξ
810 3211 868 3269 152,
891 3219 1033 3269 scoporum,
1055 3209 1183 3270 abbatum,
1203 3209 1352 3269 primorum-

405 3275 496 3323 ‘Tune
515 3276 578 3324 ordo
602 3276 756 3333 monasticus
765 3277 781 3336 ;'
803 3278 866 3326 Cl.
891 3289 941 3336 que
962 3278 1099 3338 provincie
1121 3278 1235 3327 consilio.
1279 3277 1349 3328 Quo-

405 3346 479 3394 omits
496 3345 530 3394 ull
549 3351 575 3395 to
592 3346 674 3409 5154,
685 3347 694 3375 ‘
700 3346 802 3395 Interea
817 3361 867 3395 non
890 3359 946 3394 rum
965 3347 1074 3406 primum
1092 3353 1177 3396 estut
1194 3347 1280 3395 nullus
1300 3350 1351 3396 nisi

405 3413 542 3465 indecens.’
890 3415 1004 3476 ejusdem
1026 3417 1075 3464 loci
1097 3417 1234 3466 monachus
1256 3417 1349 3466 ibidem

440 3483 451 3514 ⁴
464 3485 619 3545 Quofactam
630 3489 667 3533 est
679 3521 685 3534 .
699 3519 705 3534 .
719 3519 725 3533 .
738 3484 864 3549 inserere]
890 3483 1011 3546 fungetur
1022 3486 1121 3535 abbatis
1138 3488 1236 3535 nomine
1247 3487 1286 3535 vel
1299 3487 1351 3536 offi-

406 3554 435 3603 S.
449 3557 502 3605 02.
515 3556 551 3605 D.
562 3557 595 3606 Ε.
609 3556 640 3603 F.
653 3556 688 3603 K.
700 3555 739 3604 M.
889 3554 946 3614 cio;
963 3569 1009 3602 nec
1021 3555 1087 3604 alius
1100 3557 1150 3603 nisi
1168 3571 1242 3616 quem
1258 3569 1349 3605 secun·

439 3622 489 3673 ‘lo
500 3625 594 3673 nomiae
605 3621 726 3683 Domini]
747 3625 795 3674 See
814 3624 864 3672 this
889 3623 950 3671 dnm
961 3629 1071 3674 tenorem
1083 3625 1178 3686 regulae
1193 3627 1349 3674 concorditer

403 3693 503 3742 charter
537 3694 566 3743 of
599 3695 668 3754 King
700 3694 804 3755 Eedgar
839 3695 864 3740 in
889 3693 994 3754 elegerit
1004 3695 1093 3754 parilis
1109 3699 1246 3742 conventus
1264 3707 1350 3744 assen-

405 3762 539 3812 Malmesb.
559 3763 600 3810 De
612 3763 771 3822 Antiquitete
789 3761 865 3811 Glas-
889 3763 935 3810 sio.
973 3763 1049 3814 Quod
1072 3764 1094 3811 si
1112 3763 1215 3811 alterins
1234 3764 1283 3812 loci
1306 3763 1350 3812 ab·

403 3835 454 3881 ton.
475 3833 607 3882 Ecclesiae.
630 3831 719 3898 (Gale,
736 3845 776 3880 111.
795 3829 864 3895 220.)
889 3831 973 3880 batem
984 3834 1024 3881 vel
1035 3832 1183 3881 monachum
1199 3832 1282 3882 eidem
1292 3834 1348 3882 loco

402 3901 456 3950 'Ibe
475 3901 534 3950 date
551 3916 580 3950 es
603 3903 623 3951 it
641 3902 711 3950 there
734 3915 822 3950 occurs
842 3903 864 3950 is
889 3902 985 3961 praefici
1004 3902 1141 3950 necessitas
1157 3901 1288 3962 ingruerit,
1299 3917 1348 3950 non

402 3972 706 4032 A.D.971,indict.x1v.
889 3971 966 4018 alium
984 3972 1079 4020 assumi
1098 3971 1197 4019 censuit
1213 3971 1263 4018 nisi
1274 3986 1348 4032 quem

438 4042 552 4091 Sections
570 4045 627 4103 150,
639 4045 683 4089 151
698 4055 775 4089 occur
790 4041 816 4088 in
828 4040 863 4089 D.
888 4041 1051 4103 congregatio
1062 4041 1144 4102 ipsius
1154 4041 1298 4088 monasterii
1310 4055 1349 4088 se·

402 4109 436 4158 Ε.
458 4111 489 4160 F.
510 4112 565 4170 M.;
588 4111 693 4160 omitted
712 4112 738 4158 in
757 4111 785 4159 S.
807 4112 864 4160 C2.
889 4111 1000 4158 cundum
1017 4111 1129 4157 timorem
1146 4109 1198 4157 Dei
1214 4110 1263 4157 sibi
1280 4124 1348 4170 prae·

402 4179 438 4227 K.
446 4180 531 4228 which
539 4181 600 4228 read
608 4179 863 4241 instead,‘Gloriosae
889 4193 944 4227 esse
959 4180 1079 4241 elegerit:
1097 4184 1181 4226 tamen
1195 4194 1226 4227 ne
1238 4178 1284 4226 hoc
1295 4180 1348 4240 liat,

400 4249 580 4298 recordationis
589 4248 1020 4314 Edgarus,Anglorum,obse1-vato
1038 4248 1187 4296 omnimodis
1210 4249 1232 4296 si
1254 4249 1348 4298 ibidem
