3128 4976
241 509 379 588 amun]
460 525 576 574 casua
600 525 726 574 uncuu
751 527 966 576 ANcuoRUM.
1125 516 1187 579 231

240 683 333 745 cabit
367 680 427 763 qui
460 682 628 761 cogitabit
660 689 829 763 quantum
863 689 1007 746 conetur
1040 682 1188 748 hominis

240 781 382 844 audacis
410 780 618 862 desperatio,
645 787 679 843 et
705 800 810 863 quam
829 801 952 863 parum
975 783 1114 846 valeant
1136 784 1187 846 illi

239 879 470 963 provinciales
498 880 535 942 in
566 879 699 961 praelio.
757 879 843 943 Inde
873 882 1078 962 repatrians
1103 902 1186 964 que-

240 979 348 1043 relam
381 978 474 1061 apud
508 999 625 1059 regem
656 979 869 1045 Francorum
895 980 937 1043 de
970 981 1100 1044 domini
1130 983 1185 1045 sui

240 1078 385 1161 perfidia
422 1077 595 1159 deposuit,
640 1097 720 1143 nam
749 1085 785 1141 et
819 1079 976 1144 Riulfum
1009 1079 1103 1144 fama
1134 1081 1184 1143 fe-

239 1179 338 1240 rebat
381 1177 418 1240 in
441 1177 589 1241 vinculis
622 1185 801 1242 caecatum.
864 1178 983 1256 Quare
1016 1179 1060 1242 ad
1089 1180 1184 1263 judi·

239 1277 330 1340 cium
348 1284 513 1341 evocatus
530 1276 686 1354 Parisiis,
703 1284 739 1340 et
756 1278 800 1342 ab
823 1279 937 1342 obvio.
950 1279 1017 1342 sihi
1031 1279 1185 1342 Balzone

238 1377 303 1440 sub
330 1369 462 1457 ¹speoie
484 1375 648 1457 colloquii
671 1378 910 1454 obtruncatus
936 1378 974 1440 in
998 1378 1123 1455 medio,
1145 1385 1186 1442 ut

240 1476 350 1553 aiunt,
360 1468 556 1556 ²Sequanae,
573 1474 727 1557 perfidiae
743 1494 828 1552 suae,
839 1484 874 1540 et
888 1477 949 1540 irae
965 1477 1071 1554 illius,
1083 1478 1186 1540 satis-

239 1574 331 1638 fecit.
377 1574 545 1638 Interitus
568 1574 643 1658 ejus
668 1575 837 1640 diutinam
864 1576 955 1640 inter
972 1576 1127 1640 Francos
1149 1583 1184 1639 et

240 1672 461 1737 Normannos
476 1673 683 1738 discordiam
700 1675 845 1758 peperit,
863 1675 972 1738 donec
987 1695 1049 1756 per
1063 1675 1183 1738 indus-

239 1773 342 1835 triam
369 1772 513 1838 Ricardi
540 1772 602 1835 filii
627 1773 736 1855 ipsius
770 1772 873 1836 finem
899 1775 1033 1856 accepit
1054 1775 1184 1838 virtute

237 1890 302 1936 sua
332 1872 487 1954 dignum.
534 1865 663 1936 ³Porro
693 1873 885 1936 veraciores
915 1872 1027 1936 literae
1053 1874 1184 1950 dicunt,

237 1969 347 2048 illum,
372 1971 560 2036 contractis
584 1971 774 2035 inimicitiis
800 1991 878 2035 cum
896 1972 1042 2036 Ernulfo
1059 1973 1184 2036 comite

238 2069 424 2147 Flandriae,
447 2090 552 2133 unum
578 2090 623 2134 ex
646 2070 800 2136 castellis
822 2071 898 2154 ejus
924 2072 1138 2154 pervasisse3
1163 2091 1184 2135 a

238 2189 307 2250 quo
336 2169 500 2233 simulata
527 2169 708 2233 voluntate
733 2168 873 2232 foederis
899 2170 942 2232 ad
972 2170 1184 2252 colloquium

235 2275 430 2344 evocatum,
446 2274 674 2349 consertoque
689 2286 846 2330 sermone
864 2269 902 2330 in
924 2269 1006 2332 navi
1023 2287 1086 2350 per
1100 2268 1183 2332 Bal·

236 2386 358 2430 zonem
379 2367 643 2430 obtruncatum:
672 2366 806 2430 clavem
833 2367 877 2430 ad
903 2367 978 2451 ejus
1007 2366 1184 2448 cingulum

237 2465 426 2544 inventam,
442 2485 598 2547 seraeque
614 2464 795 2528 familiaris
811 2465 928 2530 scrinii
944 2467 1183 2548 compositam,
1230 2516 1232 2520 s

236 2564 480 2628 monachilium
506 2565 785 2626 indumentorum
806 2557 919 2626 ⁴intus
947 2564 1183 2628 involutorum
1230 2642 1234 2650 ,

237 2657 422 2726 ⁵indicium
438 2663 561 2725 fecisse
584 2661 678 2744 quod
701 2672 837 2743 semper
856 2663 948 2724 inter
965 2663 1058 2725 bella
1077 2657 1184 2725 mediss

235 2770 370 2827 taretur
394 2756 601 2826 ⁶monachus
628 2760 701 2824 fore
726 2761 820 2842 apud
844 2750 1055 2842 Gimegium,
1078 2775 1181 2843 quem

234 2861 361 2938 locum,
379 2880 401 2924 a
420 2869 575 2943 tempore
593 2859 757 2940 Hasteng
768 2860 955 2937 desertum,
971 2860 1046 2943 ipse
1063 2858 1184 2924 fructi-

236 2962 326 3024 cosis
346 2962 502 3024 sentibus
528 2959 785 3035 eruderaverat,
807 2966 843 3022 et
869 2958 1026 3022 adhunc
1051 2966 1184 3026 statum

232 3061 295 3142 ,qui
311 3059 414 3124 modo
432 3064 485 3123 est
500 3058 683 3142 principali
700 3057 918 3139 indulgentia
935 3064 1105 3122 erexerat.

271 3346 401 3410 ¹Specie.]
430 3347 459 3395 S.
481 3348 512 3396 C.
536 3346 570 3396 D.
588 3347 622 3396 E.
641 3346 680 3394 M.
687 3359 695 3404 ;
721 3357 777 3392 was
788 3343 925 3404 appointed
933 3342 1048 3390 between
1058 3341 1102 3388 the
1113 3341 1184 3390 duke

235 3431 290 3478 epe,
301 3414 335 3463 A.
347 3417 378 3466 L.
722 3413 773 3461 and
784 3413 882 3460 Arnoul
900 3417 927 3460 at
938 3411 1085 3470 Picquigny
1096 3425 1130 3458 on
1140 3410 1183 3458 the

270 3483 431 3547 ²Sequoooe.]
447 3482 501 3531 The
517 3483 591 3532 Seine
603 3483 625 3530 is
636 3482 696 3530 here
721 3482 830 3542 Somme,
840 3481 915 3528 vvhen
932 3480 975 3528 the
990 3479 1088 3526 count’s
1099 3479 1185 3526 cham-

234 3555 334 3603 written
340 3553 580 3612 incorrectlyforthe
588 3553 696 3601 Somme.
721 3551 827 3610 berlain,
839 3550 919 3598 Balzo
936 3549 961 3596 le
973 3547 1062 3608 court,
1077 3547 1183 3596 effected

270 3621 379 3671 ³Porro
400 3622 534 3671 caeciores
555 3623 633 3670 literoe
659 3621 696 3668 dt·
721 3620 763 3668 the
784 3619 875 3669 duke’s
894 3617 1083 3667 assessination.
1101 3617 1186 3682 (Bou·
1248 3680 1250 3684 ι

233 3693 312 3756 cant]
330 3693 444 3741 William
463 3691 493 3740 of
506 3689 640 3752 Jumidges
658 3704 697 3738 re·
722 3693 793 3750 quet,
804 3701 842 3736 1x.
855 3684 909 3751 78.)

233 3762 298 3811 lates
316 3762 372 3810 that
382 3761 480 3810 Amoul
491 3764 568 3809 count
580 3760 608 3808 of
620 3759 696 3808 Flan-
757 3755 768 3788 ⁴
781 3757 875 3820 [aba]
897 3755 931 3806 A.
944 3755 973 3805 S.
988 3757 1019 3806 C.
1036 3755 1070 3804 D.
1083 3755 1115 3804 1..
1127 3755 1184 3816 M.;

233 3831 301 3893 ders,
318 3832 412 3893 having
429 3830 538 3879 invaded
554 3830 597 3878 the
616 3829 696 3878 castle
721 3827 828 3877 omitted
838 3827 866 3874 in
877 3827 910 3874 E.

232 3901 262 3949 of
278 3901 417 3951 Montreuil
444 3900 581 3962 belonging
603 3903 629 3947 to
648 3911 695 3946 one
759 3895 923 3957 ⁵Iodicium.]
947 3894 982 3943 A.
995 3893 1023 3942 S.
1038 3894 1068 3942 C.
1081 3892 1116 3942 D.
1132 3892 1185 3952 1..;
1262 3943 1264 3953 ,

233 3971 317 4020 Count
340 3970 460 4030 Herluin,
477 3969 536 4018 who
555 3969 695 4028 thereupon
721 3967 851 4028 indititim,
862 3967 895 4014 E.

233 4041 325 4102 sought
336 4041 378 4088 the
389 4039 527 4102 protectior]
544 4039 573 4087 of
580 4038 694 4086 william
755 4027 934 4100 ‘Monocbasl
954 4034 988 4082 A.
1012 4031 1047 4080 D.
1069 4032 1102 4080 E.
1128 4029 1183 4090 M.;

232 4111 302 4160 dulce
313 4111 343 4160 of
351 4109 509 4171 Normandy,
521 4124 537 4157 a
549 4107 694 4159 conserence
722 4105 807 4169 modo,
819 4105 848 4154 S.
862 4106 891 4155 G.
904 4103 935 4152 1..
