3128 4976
210 513 276 559 nm.
294 495 350 576 11.]
428 511 541 559 GESTA
566 511 692 559 nseun
718 511 929 560 nusnouuu.
1097 499 1162 562 243

209 667 370 730 dentibus
396 666 545 749 posteris
573 685 650 731 esse
674 661 918 744 ¹decernimus,
943 675 985 732 ut
1005 686 1059 746 ea,
1081 689 1160 752 quae

208 767 340 830 salubri
362 767 506 830 consilio
522 774 557 830 et
572 768 745 830 communi
767 785 911 830 assensu
933 766 1160 847 diffiniuntur,

208 866 335 930 nostris
352 865 499 930 literulis
513 868 677 930 roborata
695 867 885 931 firmentur.
937 865 1162 949 Quapropter

207 965 351 1046 dignum
367 965 505 1030 videtur
518 973 560 1030 ut
574 966 720 1030 ccclesia
739 965 948 1030 beatissimae
971 966 1040 1030 Dei
1062 968 1160 1049 geni-

209 1065 305 1128 tricis
320 1083 522 1147 semperque
538 1065 682 1160 yirginis
699 1065 823 1129 Mariae
840 1063 1047 1144 Glastoniee,
1070 1067 1160 1132 sicut

209 1184 254 1227 ex
281 1165 425 1246 antiquo
454 1165 680 1246 principalem
710 1165 748 1228 in
779 1184 887 1246 regno
919 1185 995 1229 meo
1027 1166 1160 1230 obtinet

207 1263 426 1344 dignitatem,
467 1264 519 1327 ita
552 1263 696 1346 speciali
732 1263 881 1346 quadam
919 1271 956 1328 et
991 1265 1160 1346 singulari

208 1362 381 1444 privilegii
418 1363 577 1427 libertate
614 1382 676 1445 per
712 1382 775 1426 nos
812 1363 1010 1427 honoretur.
1079 1363 1159 1429 Hoc

208 1461 326 1544 itaque
357 1462 542 1526 Dunstano
572 1462 830 1526 Dorobernensi
859 1469 964 1543 atque
995 1461 1159 1527 Oswaldo

209 1561 419 1626 Eboracensi
449 1561 716 1643 archiepiscopis
758 1561 1033 1638 adhortantibus
1076 1581 1158 1626 con-

208 1660 377 1725 sentiente
391 1660 496 1724 etiam
511 1668 729 1725 etannuente
739 1653 929 1724 ²Brihtelm
946 1661 1159 1725 Fontanensi

208 1761 382 1841 episcopo,
398 1761 601 1843 caeterisque
623 1760 806 1842 episcopie,
829 1761 1011 1823 abbatibus
1030 1766 1066 1823 et
1087 1762 1158 1842 pri-

207 1859 358 1923 matibus
371 1860 468 1938 meiS,
483 1880 548 1942 ego
557 1853 707 1941 ⁸Edgar,
722 1859 841 1923 divina
854 1858 1080 1942 dispositione
1095 1879 1157 1926 rex

208 1956 415 2041 Anglorum,
450 1966 723 2042 caeterarumque
758 1960 912 2040 gentium
945 1959 982 2022 in
1013 1959 1159 2023 circuitu

208 2059 465 2138 persistentium
501 2060 711 2140 gubernator
731 2064 772 2121 ‘et
803 2066 929 2134 rector,
955 2057 993 2121 in
1021 2059 1159 2123 nomine

208 2157 309 2221 almae
337 2157 532 2235 Trinitatis,
560 2178 624 2240 pro
653 2158 768 2220 anima
794 2159 903 2238 patris
931 2158 999 2220 mei
1023 2157 1083 2238 qui
1111 2158 1159 2220 ibi

209 2258 405 2336 requiescit,
421 2267 456 2320 et
468 2264 723 2320 antecessorum
737 2262 875 2337 patrum
887 2274 1054 2332 meorum,
1069 2275 1159 2337 pree-

209 2355 300 2418 senti
314 2355 497 2437 privilegio
511 2355 669 2431 decerno,
692 2361 822 2431 statuo,
839 2355 1003 2420 confirmo
1017 2361 1057 2418 ut
1070 2373 1159 2437 pree·

209 2454 337 2518 dictum
360 2455 605 2518 monasterium
628 2455 807 2535 omnisque
829 2455 1002 2534 possessio
1024 2454 1099 2537 ejus
1115 2455 1159 2518 ab

210 2555 303 2616 omni
330 2554 460 2617 tributo
490 2553 658 2617 fiscalium
687 2553 904 2634 negotiorum
935 2572 1027 2616 nunc
1058 2561 1093 2616 et
1121 2553 1158 2615 in

207 2662 412 2735 perpetuum
433 2653 541 2716 libera
558 2660 594 2716 et
615 2652 731 2734 quieta
755 2658 930 2727 maneant,
953 2658 988 2715 et
1010 2650 1161 2716 habeant

208 2771 325 2817 socam
340 2759 375 2816 et
388 2771 518 2829 sacam,
533 2771 579 2815 on
593 2752 746 2827 strande,
757 2771 803 2814 on
814 2757 973 2827 streame,
988 2769 1033 2813 on
1048 2749 1160 2828 wude,

210 2871 254 2914 on
266 2852 367 2928 felde,
377 2849 445 2915 and
459 2871 504 2914 on
521 2850 719 2932 grithbrice,
728 2870 774 2914 on
782 2849 975 2926 burhbrice,
987 2849 1159 2926 hundred·

208 2959 339 3028 setena,
355 2945 519 3027 *mordas
537 2944 648 3028 ⁵abas,
670 2949 739 3012 and
761 2948 906 3026 ordeles,
927 2948 1014 3012 ealle
1033 2948 1160 3012 hordas

208 3042 333 3114 ⁶bufan
354 3048 480 3114 eordan
500 3049 568 3112 and
587 3046 776 3125 beneodan,
798 3047 1068 3132 infangenepeof,
1092 3048 1159 3111 and

208 3149 482 3233 utfangenebeos,
519 3148 587 3211 and
628 3147 874 3232 flemeneferbe,
918 3147 1159 3224 hamsochene,

208 3375 310 3438 tionem,
331 3376 358 3424 id
380 3377 474 3437 cuique
496 3390 583 3424 eorum
603 3376 670 3424 acci·
694 3389 751 3423 was
762 3374 847 3422 honen
859 3378 885 3422 to
902 3372 980 3422 death
990 3387 1022 3421 ou
1040 3373 1083 3420 the
1094 3373 1161 3435 Alps

209 3446 287 3494 disse.
323 3446 406 3494 Nemo
417 3446 504 3506 itaque
515 3445 571 3492 haec
582 3445 670 3506 legens
695 3445 722 3493 iu
742 3443 782 3491 his
794 3445 907 3505 journey
924 3447 950 3491 to
968 3442 1047 3491 Rome
1066 3441 1161 3493 sorbis

209 3514 343 3576 despiciat,
353 3528 426 3562 nemo
436 3515 478 3562 vel
489 3514 671 3563 subirascendo
696 3510 762 3576 pall)
773 3528 780 3572 ;
792 3513 838 3560 but
856 3511 888 3560 he
906 3511 966 3558 held
986 3510 1028 3560 the
1046 3513 1161 3573 primacy

210 3599 238 3634 se
249 3584 333 3645 palam
344 3583 480 3632 notabilem
490 3583 577 3631 iaciat.
603 3583 671 3631 Nam
697 3581 757 3642 only
774 3596 791 3629 a
809 3581 860 3629 few
880 3581 955 3641 days,
974 3580 1025 3628 and
1041 3595 1096 3629 was
1118 3595 1160 3629 re-

209 3655 232 3702 si
255 3653 374 3702 irascitur
391 3667 437 3713 pro
457 3653 517 3713 alio,
533 3651 596 3700 forte
616 3667 673 3713 pro·
697 3650 865 3699 movedback
883 3649 1023 3698 toWells..
1046 3649 1089 3698 He
1100 3651 1161 3698 died

209 3725 290 3773 latum
302 3724 334 3772 de
346 3736 373 3771 sa
385 3722 481 3770 dictum
491 3721 630 3770 fatebitur!
697 3736 729 3769 on
740 3719 783 3768 the
796 3719 895 3768 lethot
907 3720 980 3780 May,
987 3719 1057 3769 As).
1067 3723 1161 3769 973.-

246 3790 255 3822 ¹
274 3791 455 3853 Herminius]
478 3791 533 3851 E.;
560 3790 674 3840 decrevi·
698 3791 746 3838 See
757 3789 834 3851 Angl.
851 3789 921 3839 Sacr.
932 3802 993 3850 pars
1004 3802 1023 3838 1.
1041 3803 1085 3850 pp.
1103 3793 1159 3839 101.

210 3877 277 3922 mus,
288 3862 324 3912 D.
582 3894 588 3906 .
699 3864 763 3918 556;
779 3873 839 3921 pars
849 3872 879 3909 11.
890 3874 935 3920 pp.
949 3861 1005 3906 109.
1017 3861 1075 3907 682.

238 3929 378 3980 'Brihtelm
385 3927 673 3992 Fontomasiepiscrpo]
734 3926 865 3992 ”sugam
882 3930 931 3988 E.;
949 3927 1079 3990 Edgarus,
1090 3929 1125 3978 D.
1144 3977 1148 3985 ,

210 4001 264 4051 The
286 4005 362 4050 exact
382 4000 442 4048 date
462 3999 491 4048 of
511 3996 674 4046 Brihthelm's
736 3995 883 4060 ⁴M0raas]
902 3995 951 4056 E.;
968 3996 1092 4058 murdres,
1103 3999 1138 4047 D.

211 4072 383 4133 appointment
411 4073 436 4117 to
466 4069 508 4116 the
528 4067 675 4128 hishoprick
736 4065 850 4130 Mem]
867 4067 919 4126 E.;
934 4066 1034 4128 hathes,
1044 4067 1080 4116 D.
1139 4103 1142 4105 -

212 4141 241 4191 of
267 4141 348 4189 Wells
377 4139 399 4186 is
426 4142 470 4186 not
503 4137 615 4185 known:
643 4137 675 4185 he
736 4134 843 4196 ⁶Busan
854 4136 945 4186 eordan
960 4138 1008 4184 ond
1019 4134 1162 4199 benactica]

211 4225 266 4259 was
293 4209 433 4258 hunslated
460 4211 486 4255 to
515 4206 676 4268 Canterhury
702 4209 752 4266 E.;
769 4208 854 4255 huven
871 4206 959 4254 herthe
976 4206 1025 4254 and
1044 4206 1164 4255 binethen

212 4295 281 4342 upon
298 4279 342 4327 the
356 4277 433 4328 death
452 4277 479 4325 of
498 4276 594 4326 Elfsine
606 4275 686 4343 (who
702 4277 801 4338 herthe,
812 4277 847 4326 D.

996 4365 1043 4410 nt
