3162 4972
402 493 467 558 122
630 506 744 555 cnsrn
767 505 894 554 uncum
918 505 1132 556 nnenonuu.
1229 490 1314 573 [nro.
1330 509 1355 556 1.

401 666 532 733 viribus
547 684 682 748 semper
695 663 893 748 amplector.
945 665 1057 728 Decet
1071 645 1162 728 enim
1173 663 1264 728 inter
1277 673 1355 729 tan-

403 775 459 830 tus
487 784 654 849 personas
684 765 769 829 fides
798 771 921 828 sancta
949 764 1092 841 servari,
1120 771 1156 831 et
1188 765 1357 830 inviolata

403 866 532 930 ceritas
545 866 711 931 custodiri
724 885 733 945 ;
757 865 839 949 quia
856 871 1004 948 paterna
1015 863 1128 948 pietas
1144 863 1290 927 filiorum
1305 864 1355 928 fe-

396 967 518 1036 licitas
531 966 567 1029 in
583 965 660 1029 Deo
678 983 754 1028 esse
776 965 946 1028 credenda
960 971 1025 1041 est,
1048 957 1255 1028 ¹secundum
1270 963 1356 1028 illud

406 1065 577 1144 Ezechiae,
586 1065 720 1129 “Pater
728 1065 808 1130 filiis
818 1071 936 1128 notam
945 1064 1048 1128 saciet
1057 1064 1239 1128 veritatem
1248 1071 1356 1142 tuam,

406 1165 589 1230 Domine.’'
642 1165 687 1228 In
700 1165 824 1246 quibus
839 1164 953 1228 verbis
969 1172 1003 1228 te
1018 1163 1183 1248 (amande
1203 1161 1356 1248 genitor)

404 1265 564 1348 imploro,
593 1271 633 1328 ut
660 1264 731 1328 filio
753 1272 827 1341 tuo,
851 1272 922 1327 tam
946 1264 977 1326 si
999 1263 1155 1344 indigno,
1175 1261 1356 1327 veritatem

407 1365 547 1428 Domini
564 1365 641 1428 ¹tuis
655 1365 768 1429 verbis
784 1363 1012 1427 sacrosanctis
1028 1361 1272 1426 notamsacere
1285 1382 1354 1426 non

406 1465 566 1546 deneges,
593 1471 635 1528 ut
662 1483 724 1547 per
752 1470 846 1527 tuam
871 1482 992 1527 sanam
1017 1461 1255 1539 eruditionem,
1278 1463 1356 1526 Deo

405 1565 608 1650 adjuvante,
636 1564 680 1626 ad
704 1563 854 1628 melioris
879 1562 961 1628 vitae
985 1562 1200 1645 propositum
1224 1581 1359 1625 merear

407 1664 598 1746 pervenire.
651 1662 746 1740 Quin
758 1663 874 1740 etiam,
889 1662 1096 1738 dulcissime,
1108 1680 1186 1724 cum
1197 1661 1355 1725 omnibus

407 1763 578 1845 episcopis
603 1763 742 1838 nostris,
756 1769 790 1825 et
805 1762 1042 1845 cujuscunque
1057 1761 1148 1842 apud
1163 1781 1226 1824 nos
1243 1760 1355 1841 digni·

407 1863 491 1926 tatis
514 1880 673 1944 persona,
690 1860 855 1943 deprecor
879 1861 931 1924 uti
953 1861 1051 1924 nobis
1078 1861 1120 1923 de
1146 1860 1357 1924 multimodis

406 1961 698 2043 inquisitionibus,
721 1978 825 2043 super
853 1961 978 2042 quibus
1006 1960 1194 2024 maximam
1222 1960 1356 2025 subtili·

406 2068 516 2125 tatem
538 2067 690 2126 vestram
716 2060 858 2141 dignum
882 2059 1043 2122 duximus
1066 2059 1275 2142 perquirere,
1297 2060 1356 2124 be-

407 2163 512 2243 nigne
534 2159 755 2243 respondeas,
771 2180 814 2224 ne
827 2167 1025 2223 sanctorum
1041 2158 1184 2223 traditio
1205 2166 1356 2242 patrum,

406 2268 443 2325 et
467 2263 511 2324 ab
536 2260 606 2325 illis
628 2259 757 2324 tradita
782 2260 880 2324 nobis
901 2259 1033 2340 regula,
1055 2259 1155 2340 quasi
1179 2259 1357 2340 incognita

407 2380 469 2443 per
482 2359 612 2442 aliquid
625 2360 767 2424 vitietur
789 2360 824 2422 in
849 2360 968 2439 nobis3
990 2359 1050 2422 sed
1075 2377 1187 2422 sermo
1207 2366 1289 2422 tuus
1306 2359 1356 2422 di·

408 2467 523 2525 rectus
549 2459 647 2534 nobis
671 2459 708 2522 in
731 2459 875 2522 caritate
900 2465 937 2522 et
952 2457 1215 2522 mansuetudine
1229 2459 1358 2536 veniat,
1432 2519 1434 2522 .

408 2567 448 2624 ut
469 2579 532 2643 per
554 2558 622 2622 Dei
649 2558 916 2623 misericordiam
945 2557 1163 2642 profuturum
1190 2558 1228 2621 in
1258 2558 1357 2622 nobis

407 2659 565 2743 perficiat
575 2658 737 2727 fructum.
768 2657 925 2723 Primum
936 2677 1085 2740 numque
1096 2665 1150 2722 est
1163 2657 1255 2740 quod
1270 2678 1356 2740 pon·

408 2760 518 2823 tifices
543 2760 653 2823 nostri
678 2777 719 2822 ac
742 2759 942 2842 peritissimi
969 2757 1096 2841 quique
1123 2759 1160 2820 in
1182 2757 1281 2821 nobis
1304 2757 1356 2821 di·

407 2867 492 2923 cunt
511 2859 603 2941 quod
628 2864 750 2922 contra
772 2878 921 2922 canones
943 2864 979 2921 et
1000 2857 1191 2940 apostolica
1212 2864 1357 2935 statuta,

407 2978 486 3040 quae
509 2959 607 3023 nobis
631 2977 653 3021 u
674 2965 773 3039 patre
787 2959 986 3023 beatissimo
1002 2956 1171 3038 Gregorio
1188 2956 1358 3038 dirigente

407 3066 541 3124 statuta
555 3064 648 3135 sunt,
668 3058 758 3121 sicut
771 3077 835 3122 vos
856 3057 966 3134 scitis,
981 3057 1169 3121 auctoritas
1183 3057 1359 3120 Durover-

408 3159 524 3223 nensis
546 3157 803 3239 metropolitani
815 3157 852 3220 in
866 3157 953 3221 duas
975 3156 1359 3239 scindaturparochias,

407 3259 506 3340 cujus
530 3258 667 3343 (eodem
689 3264 788 3340 patre
810 3253 1014 3340 mandante)
1036 3256 1159 3320 ditioni
1180 3256 1359 3340 subjacere

406 3357 533 3422 debent
546 3357 698 3440 episcopi
711 3356 902 3434 duodecim,
919 3357 1009 3420 sicut
1022 3376 1085 3439 per
1102 3355 1264 3419 ecclesias
1278 3375 1358 3419 nos-

407 3464 480 3521 tras
501 3457 627 3539 legitur
648 3457 685 3520 in
707 3456 855 3539 epistola
868 3475 973 3539 quam
987 3456 1087 3520 fratri
1101 3463 1137 3520 et
1153 3457 1358 3538 coepiscopo

406 3554 606 3640 Augustino
621 3557 749 3620 direxit
765 3557 807 3620 de
821 3557 954 3621 duobus
970 3555 1160 3620 Londoniae
1175 3563 1211 3619 et
1225 3556 1358 3620 Ebora-

407 3675 457 3720 cae
487 3656 686 3737 metropolis
708 3657 890 3739 episcopis
912 3675 1017 3737 quam
1034 3657 1148 3719 etiam
1177 3656 1269 3738 apud
1295 3673 1358 3720 vos

407 3754 525 3818 haberi
546 3775 615 3818 non
629 3754 838 3819 dubitamus.
889 3755 956 3819 Sed
969 3757 1044 3838 ipse
1058 3756 1206 3837 primurn
1220 3755 1357 3838 pontifi-

407 3853 492 3918 calis
515 3873 618 3938 apex,
634 3854 694 3937 qui
716 3862 799 3918 tunc
815 3855 1014 3920 Londoniee.
1028 3857 1092 3918 sub
1105 3855 1234 3919 honore
1255 3863 1290 3919 et
1304 3876 1359 3919 or·

408 3963 570 4020 numento
596 3954 694 4037 pallii
717 3954 831 4020 suerat
853 3957 1081 4039 conscriptus,
1103 3973 1167 4037 pro
1187 3975 1228 4018 eo
1243 3955 1357 4018 Doro·

407 4056 567 4120 vernensi
601 4055 738 4120 oblatus
767 4063 833 4134 est,
862 4063 967 4138 atque
1003 4072 1198 4120 concessus
1263 4053 1358 4116 Nam

549 4294 555 4324 ¹
575 4297 712 4346 Secundum
723 4297 785 4345 illud
796 4294 931 4358 Excutiet]
949 4295 1035 4345 Isaiuh
1049 4307 1165 4355 xxxviii.
1178 4299 1218 4348 19.
