3128 4976
223 484 290 530 nra.
310 467 367 547 11.]
449 483 563 531 ensrn
587 483 713 532 aucun
738 482 952 530 nncnonnn.
1108 469 1174 532 259

220 640 403 702 tabantur:
435 639 622 722 auditoque
645 638 737 720 quod
759 637 810 703 illi
839 638 875 702 in
899 637 1063 719 contigua
1087 638 1172 702 villa

219 737 427 813 habitarent,
454 758 543 820 equo
570 739 705 801 concito
730 737 825 812 illuc,
838 737 1016 801 contendit
1042 736 1169 820 juven-

219 836 317 899 culus
342 837 449 913 solus,
473 837 558 900 nihil
585 844 726 919 propter
747 836 977 900 innocentiam
1000 844 1168 914 metuens,

218 936 364 999 aliorum
379 936 507 1018 quippe
520 937 654 999 animos
668 957 713 1000 ex
729 955 793 999 sno
809 935 1016 1017 ponderans,
1068 935 1168 1000 Tunc

217 1035 288 1111 illa,
303 1035 460 1099 muliebri
474 1034 644 1098 blanditia
655 1035 900 1099 adventantem
918 1034 1085 1111 alliciens,
1101 1035 1168 1099 sibi

216 1133 298 1197 fecit
323 1133 512 1211 intendere,
540 1140 682 1217 etpost
709 1134 819 1198 libata
844 1134 943 1198 basia
972 1140 1166 1216 porrectum

215 1233 377 1313 poculum
406 1233 507 1298 avide
536 1232 751 1297 haurientem
779 1253 842 1315 per
877 1233 1063 1302 satellitem
1094 1219 1166 1298 sica
1177 1249 1317 1342 merem

215 1331 421 1411 transfodit;
453 1351 523 1414 quo
554 1332 696 1396 vulnere
724 1333 873 1408 sauciae,
909 1352 988 1396 cum
1024 1334 1164 1414 quantis
1177 1313 1325 1392 no.⁸r¹¹7¹r⁸.‘'

215 1438 353 1511 poterat
389 1431 514 1495 animae
545 1431 699 1514 reliquiis
732 1429 933 1514 ‘sonipedem
970 1430 1163 1495 calcaribus

214 1529 404 1594 monuisset
426 1529 470 1594 ad
492 1549 574 1596 suos
596 1532 734 1607 reverti,
757 1550 830 1595 uno
848 1531 935 1614 pede
956 1531 1087 1612 lapsus,
1110 1531 1162 1594 al·

214 1635 357 1711 toroque
372 1649 435 1711 per
450 1623 568 1694 ¹devia
590 1636 723 1695 tractus
747 1629 901 1694 undante
927 1649 1048 1693 cruore
1072 1629 1160 1708 indi-

216 1727 271 1790 cia
287 1729 447 1792 interitus
470 1729 525 1792 sui
548 1749 586 1792 se
609 1729 843 1811 quaerentibus
858 1729 962 1792 dedit.
1015 1728 1063 1792 Et
1078 1735 1161 1792 tunc
1197 1717 1201 1728 ’

214 1826 352 1908 quidem
371 1821 464 1892 ²sine
486 1828 616 1893 honore
637 1828 730 1911 apud
744 1827 911 1893 Werham
932 1827 1070 1909 sepeliri
1083 1827 1160 1910 jus-

212 1933 344 2005 serunt,
365 1926 560 1994 invidentes
588 1929 719 1994 scilicet
752 1934 888 1992 mortuo
915 1927 1078 2008 cespitem
1104 1946 1189 1990 ec·-

213 2026 455 2106 clesiasticum,
480 2027 536 2090 cui
552 2028 634 2092 vivo
660 2027 856 2092 inviderant
879 2026 984 2089 decus
1007 2026 1159 2107 regium:

212 2127 407 2189 actitabant
429 2126 536 2208 igitur
558 2126 731 2208 publicam
754 2133 790 2190 et
814 2125 974 2189 festivam
989 2124 1160 2203 laetitiam,

213 2215 332 2304 ⁸quasi
359 2244 437 2288 cum
471 2243 615 2306 corpore
645 2225 777 2307 pariter
803 2222 1009 2287 infodissent
1031 2243 1159 2287 merno-

211 2322 318 2401 riam3
357 2322 417 2386 sed
454 2323 554 2386 affuit
590 2322 719 2387 divinae
756 2322 952 2386 serenitatis
984 2339 1159 2400 assensus

212 2420 271 2503 qui
297 2421 501 2486 innocenter
521 2441 649 2486 caesum
676 2421 918 2485 miraculorum
941 2413 1159 2485 ⁴sublimarit

211 2519 333 2601 gloria.
403 2519 503 2584 Adeo
531 2520 688 2585 coelestia
712 2518 846 2604 judicia
874 2519 1034 2582 humanis
1068 2540 1157 2601 prae·

210 2619 414 2700 ponderant,
434 2619 483 2683 ibi
503 2627 645 2683 ostensa
658 2621 702 2684 de
723 2618 813 2682 coelo
826 2619 971 2694 lumina,
992 2617 1041 2680 ibi
1063 2617 1158 2681 clau-

210 2716 275 2782 dus
299 2737 455 2799 gressum
478 2718 682 2799 composuit,
707 2715 756 2780 ibi
778 2723 894 2780 mutus
917 2734 1086 2798 organum
1103 2730 1157 2780 re·

209 2819 367 2899 sumpsit,
398 2817 448 2881 ibi
475 2835 616 2900 prorsus
646 2817 758 2879 omnis
784 2815 978 2878 invalitudo
1013 2814 1157 2880 sanitati

208 2915 321 2980 locum
334 2916 427 2980 fecit.
479 2916 629 2998 Sparsus
656 2932 773 2978 rumor
787 2930 848 2996 per
862 2920 972 2977 totam
989 2912 1156 2994 Angliam

206 3015 369 3097 martyris
392 3015 515 3078 merita
535 3014 758 3097 praedicabat.
810 3012 891 3091 Quo
912 3012 1028 3076 excita
1048 3013 1155 3077 inter·

206 3113 343 3191 sectrix,
374 3113 441 3178 iter
466 3114 549 3178 illuc
580 3112 821 3191 adoriebatur;
854 3111 998 3196 jamque
1029 3131 1155 3192 equum

205 3212 401 3276 inscensum
438 3211 586 3276 stimulis
622 3213 782 3293 urgebat,
823 3231 898 3274 cum
937 3209 1154 3276 manifestam

205 3311 292 3374 iram
308 3312 376 3376 Dei
394 3312 575 3393 persensit.
636 3310 778 3375 Animal
803 3329 952 3391 namque
973 3309 1154 3387 familiare,

207 3430 276 3491 quo
299 3410 418 3473 sedere
441 3416 681 3485 consueverat,
709 3416 814 3472 antea
829 3409 943 3472 ventis
968 3409 1155 3489 pernicius,

206 3507 299 3591 quod
330 3527 433 3571 auras
461 3499 556 3590 ipsas
585 3513 823 3589 praecurreret,
855 3513 938 3569 tunc
971 3513 1058 3569 nutu
1086 3506 1155 3570 Dei

205 3608 323 3671 stabat
345 3606 539 3671 immobile:
571 3607 704 3670 instant
729 3605 890 3682 ministri,
916 3605 997 3669 hinc
1022 3604 1153 3686 flagris,

204 3706 299 3770 illino
323 3705 543 3781 clamoribus,
576 3712 615 3769 ut
639 3711 816 3787 potentem
847 3703 967 3767 horam
996 3721 1067 3785 qua
1096 3723 1153 3767 so·

224 3907 365 3996 '¹Devla.]
381 3911 415 3962 Α.
430 3914 460 3962 G.
473 3902 507 3961 D.
520 3912 553 3961 E.
564 3911 666 3971 L.;de·
726 3927 856 4000 Qum]
882 3934 912 3981 c·
935 3935 986 3993 Ed
1011 3947 1085 3995 quas,
1103 3931 1152 3992 D.;

206 3982 427 4080 maerentes.
691 4003 1004 4065 quemqueen

271 4053 332 4102 Stoa
355 4051 442 4100 boam
462 4051 526 4113 apud
550 4048 666 4099 Werbcm

204 4121 457 4186 imitamenta]
470 4118 666 4168 Eadwm
725 4140 736 4172 ⁴
756 4141 926 4204 sancimen]
951 4141 985 4191 n.
1003 4142 1055 4202 n.;
1074 4138 1153 4190 suntr-

203 4191 380 4312 limfa
398 4191 442 4240 the
454 4189 513 4238 rath
530 4188 559 4238 oi
573 4187 665 4237 March
690 4216 778 4274 mmet,
790 4211 818 4260 S·
833 4212 863 4260 0.
876 4211 911 4259 D⁸
923 4210 954 4259 L·
1159 4209 1161 4213 ·

986 4338 1030 4384 sa
