3162 4972
417 476 482 540 150
643 487 758 536 caera
778 489 906 537 aucun
930 487 1146 538 nucnonuu.
1227 475 1314 556 [ma.
1332 491 1373 538 11.

419 657 455 714 et
471 647 532 731 qui
553 647 617 711 sub
632 647 748 729 quiete
764 647 902 727 degero,
921 665 1026 729 quam
1042 646 1162 710 multis
1185 647 1376 730 provinciis

420 747 630 831 imperitare,
644 746 785 811 mallet:
799 747 958 829 denique,
972 747 1067 810 avito
1076 746 1377 811 west-Saxonum
1408 796 1412 803 .

422 867 531 930 regno
553 853 748 923 contentus,
760 853 889 910 caetera
902 864 981 928 quae
1002 852 1103 928 pater
1127 845 1379 929 subjugaverat

424 939 931 1031 appendiciafili0¹Ethelstano
943 945 1165 1023 contradidit,
1173 947 1380 1028 quiquando

426 1055 462 1111 et
475 1065 544 1129 quo
559 1046 627 1110 fine
637 1045 801 1109 defecerit
813 1045 993 1109 incertum.
1015 1037 1380 1127 ²Burhredumregem

428 1147 637 1210 Merciorum
666 1139 919 1209 ³additamento
942 1145 1116 1209 exercitus
1145 1153 1267 1210 contra
1299 1145 1380 1208 Bri-

427 1254 527 1310 tones
535 1245 642 1330 juvit,
659 1252 695 1309 et
709 1237 809 1310 *filiae
822 1244 953 1327 nuptiis
971 1245 1120 1308 immane
1133 1252 1302 1327 quantum
1319 1264 1383 1308 ex-

427 1346 565 1410 altavit.
616 1344 757 1408 Piratas
788 1345 970 1408 Danomm
997 1364 1060 1426 per
1089 1351 1199 1408 totam
1231 1343 1381 1408 insulam

427 1451 610 1527 vagantes,
626 1451 662 1508 et
686 1443 874 1526 inopinatis
897 1443 1159 1526 appulsionibus
1179 1443 1284 1507 litora
1306 1464 1381 1507 om-

428 1545 488 1609 nia
501 1544 718 1620 infestantes
740 1537 827 1607 ⁵non
850 1543 956 1606 semel
971 1563 1034 1626 per
1050 1562 1087 1606 se
1109 1550 1145 1607 et
1170 1543 1275 1606 duces
1298 1562 1381 1607 suos

428 1644 606 1722 contudit3
631 1644 803 1725 quamvis,
819 1649 859 1706 ut
882 1649 936 1708 est
960 1650 1092 1706 tessera
1107 1642 1286 1719 bellorum,
1306 1643 1382 1726 ipse

428 1743 465 1806 in
487 1743 610 1806 iisdem
632 1741 830 1823 frequentes
855 1749 892 1805 et
910 1742 1065 1824 insignes
1085 1742 1302 1806 calamitates
1323 1761 1383 1806 ac·

428 1842 571 1924 ceperit,
590 1835 793 1905 ⁶Londonia
814 1848 850 1905 et
872 1842 965 1905 omni
984 1861 1072 1925 pene
1088 1841 1215 1906 Cantia
1229 1849 1381 1906 vastata.

430 1941 633 2005 Obsistebat
648 1947 764 2005 tamen
786 1960 922 2023 semper
935 1942 1098 2005 aerumnis
1111 1940 1384 2005 consiliariorum

429 2041 522 2122 regis
540 2040 720 2117 vivacitas,
742 2041 802 2122 qui
826 2039 912 2104 nihil
933 2059 1085 2124 unquam
1107 2039 1225 2104 hostes
1244 2040 1384 2122 impune

429 2140 629 2223 delinquere
650 2146 864 2222 paterentur,
886 2141 970 2223 quin
991 2139 1164 2204 communi
1178 2140 1327 2204 umbone
1348 2141 1384 2203 in

430 2258 492 2304 eos
518 2239 777 2304 ulciscerentur.
830 2238 996 2304 Habebat
1013 2241 1103 2303 enim
1118 2238 1206 2302 duos
1221 2258 1286 2303 suo
1296 2247 1383 2303 tem-

430 2358 517 2421 pore
541 2338 778 2421 praecellentes
799 2337 979 2421 praesules,
996 2330 1153 2403 ⁷beatum
1167 2338 1384 2403 Swithunum

431 2437 508 2502 dico
518 2438 721 2514 Wintoniae,
736 2446 772 2502 et
785 2431 997 2515 ⁸Alstanum,
1009 2437 1238 2503 scireburniae
1250 2458 1259 2502 ε
1273 2438 1321 2515 hi,
1330 2439 1382 2502 vi-

430 2538 551 2601 dentes
568 2557 684 2620 regem
701 2537 880 2603 crassioris
896 2545 932 2602 et
944 2538 1078 2602 hebetis
1095 2538 1238 2620 ingenii,
1256 2537 1383 2601 sedulis

432 2750 520 2800 would
530 2751 604 2812 place
620 2751 662 2800 his
677 2750 755 2800 death
765 2750 900 2812 rightlyin
924 2751 987 2812 kept
1014 2749 1077 2799 with
1103 2756 1175 2812 great
1201 2750 1334 2814 solemnity
1360 2756 1388 2801 at

433 2821 476 2870 the
487 2834 549 2882 year
559 2825 617 2870 888.
646 2819 754 2870 ‘Idibus
764 2820 902 2882 lanuarii,'
925 2820 1109 2883 chippenham,
1119 2822 1146 2869 in
1157 2821 1298 2872 Wiltehire.

434 2891 459 2956 (1
464 2890 507 2940 ath
517 2886 591 2954 lan.)
597 2890 733 2952 according
743 2895 769 2939 to
780 2889 900 2939 Florence
960 2887 971 2917 ⁶
982 2891 1040 2938 Noa
1050 2891 1122 2939 semet
1129 2905 1175 2954 per
1184 2906 1210 2939 ae
1220 2895 1245 2938 et
1254 2893 1326 2940 dacer
1333 2905 1388 2940 raca

435 2960 465 3008 οἱ
473 2961 624 3008 Worceeter.
925 2960 1057 3023 anatoclia]
1068 2960 1100 3008 In
1111 2964 1158 3009 848
1170 2960 1213 3009 the
1224 2961 1312 3009 Danes
1320 2975 1386 3009 were

472 3022 660 3097 ¹Etheletono.]
677 3027 828 3078 Aetheletan
847 3043 902 3078 was
926 3029 1044 3078 defeated
1058 3045 1121 3079 near
1130 3031 1172 3078 the
1183 3031 1250 3079 river
1261 3030 1351 3079 Parcet
1361 3031 1388 3078 in
1453 3075 1457 3082 .

437 3100 472 3159 by
482 3099 523 3148 hie
534 3098 617 3148 father
630 3099 704 3147 made
715 3099 778 3160 king
788 3098 818 3146 of
825 3099 903 3162 Kent,
926 3099 1129 3162 Somersetshim,
1139 3101 1190 3148 and
1198 3101 1284 3162 again,
1294 3101 1321 3148 in
1331 3104 1389 3162 ael,

438 3169 533 3231 Eesex,
554 3169 658 3231 surrey,
680 3168 731 3217 and
749 3169 855 3233 Susaex,
876 3170 903 3218 ia
927 3174 955 3218 at
964 3170 1158 3232 Wiegambeorg
1168 3171 1195 3218 in
1205 3170 1373 3218 Devonshire.

437 3241 496 3288 889.
963 3235 1108 3287 l[londonio
1121 3244 1146 3288 et
1156 3240 1221 3288 maai
1228 3254 1288 3302 pene
1301 3238 1392 3288 Contio

472 3303 653 3356 ¹Barla-edam
667 3320 767 3368 regern.
781 3341 788 3356 .
802 3341 808 3356 .
820 3311 904 3356 ceatur
927 3309 1045 3372 voctote]
1061 3309 1123 3358 This
1134 3308 1278 3371 happened,
1289 3309 1391 3358 accord·

442 3376 559 3425 Britoaea
571 3371 664 3444 joam]
691 3377 817 3438 Burgum,
840 3377 904 3439 king
927 3378 972 3440 ing
983 3379 1059 3427 tothe
1070 3378 1390 3440 SaxonOhronicle,inthe

439 3445 469 3493 of
474 3447 581 3509 Mareia,
589 3446 707 3496 obtained
714 3445 757 3495 the
765 3447 904 3496 montanee
928 3462 990 3507 year
1003 3451 1069 3508 8513
1091 3449 1147 3511 but,
1162 3448 1227 3497 after
1243 3449 1286 3498 the
1302 3450 1392 3498 Danes

440 3514 470 3564 ol
477 3516 631 3565 Aetheluulf
646 3516 746 3580 against
760 3516 803 3566 the
815 3517 903 3566 Welsh
929 3516 980 3565 had
991 3518 1085 3578 passed
1095 3518 1138 3567 the
1148 3519 1257 3567 Tharnen
1267 3519 1321 3568 into
1331 3519 1392 3567 Sur·

440 3586 467 3633 in
478 3585 520 3634 the
532 3601 594 3646 year
604 3591 669 3645 ⁸5³3
690 3585 741 3634 and
757 3588 784 3635 in
800 3587 843 3636 the
858 3586 905 3636 fol·
929 3601 984 3648 rep,
1005 3586 1158 3636 Aetheluulr
1175 3589 1239 3637 with
1264 3603 1297 3637 an
1318 3602 1390 3649 army

440 3655 535 3716 lowing
543 3669 613 3718 year,
621 3655 685 3703 after
694 3656 793 3717 Easter,
801 3656 904 3706 Aethel-
930 3662 982 3705 met
991 3657 1238 3706 anddeleatedthem
1246 3658 1391 3718 atOckley.

441 3722 502 3771 uulf
529 3737 593 3784 gave
627 3724 680 3771 him
712 3724 752 3773 his
781 3726 907 3789 daughter
965 3721 1393 3778 ⁷Beotam8witbaaamdicoWia-

442 3790 802 3854 Ethelsuuithainmarriage.
931 3792 1026 3865 tonia]
1052 3798 1089 3847 St.
1111 3798 1243 3846 swithune
1264 3812 1320 3846 was
1348 3812 1393 3859 ap-

478 3858 694 3924 ³Additomeato.]
713 3862 746 3912 D.
758 3864 791 3912 Ε.
803 3866 859 3927 Μ.;
881 3871 907 3914 et
930 3866 1034 3926 pointed
1050 3868 1084 3929 by
1102 3868 1173 3930 King
1191 3868 1322 3929 Ecgberht
1337 3882 1395 3929 pre·

442 3930 622 3994 additamento,
633 3931 666 3982 A.
680 3932 708 3982 S.
723 3934 753 3982 C.
764 3934 796 3984 1..
931 3936 1326 3996 ceptortohissonAetheluulf.
1350 3938 1393 3986 He

478 3999 575 4050 ‘Filia
595 4001 691 4066 neptia
708 4003 811 4053 immae
832 4017 906 4066 pana·
930 4005 1033 4055 became
1050 4007 1140 4069 bishop
1158 4007 1187 4056 of
1194 4006 1353 4056 winchester
1368 4007 1396 4054 in

442 4075 494 4119 tum
511 4068 654 4141 enodavit]
672 4074 705 4122 Ε.
723 4074 773 4134 1..;
795 4089 845 4122 non
861 4088 906 4136 pa·
931 4076 1047 4136 838,and
1055 4076 1115 4126 died
1126 4092 1158 4125 on
1169 4076 1258 4126 2ndof
1264 4076 1393 4138 Julyaoa.

441 4155 497 4189 mm
508 4143 639 4204 exaltavit,
650 4142 685 4192 l.
696 4143 725 4192 S.
737 4144 773 4192 D.
782 4145 821 4194 M.
832 4159 839 4202 3
856 4159 906 4192 non
958 4143 1113 4209 Uiatorem,
1122 4146 1310 4210 Scirebamioe.]
1318 4147 1396 4195 Ealh·

441 4211 599 4262 mediocriter
614 4213 745 4276 exaltavit,
758 4214 906 4262 C.-Asser
930 4212 987 4263 stiur
998 4230 1053 4264 was
1063 4217 1154 4277 bishop
1165 4217 1194 4265 of
1212 4216 1351 4266 Sherborne
1368 4217 1394 4264 iu

440 4280 533 4330 relatos
558 4282 613 4331 that
633 4282 676 4331 the
703 4285 828 4346 marriage
849 4299 904 4333 was
929 4287 988 4347 817,
999 4285 1050 4334 and
1060 4285 1226 4335 diedmaor.
