3112 4968
440 454 507 520 382
662 474 776 523 orsus
800 475 927 524 nnouu
946 473 1163 522 auouonou.
1249 459 1336 540 [mn.
1353 476 1395 523 u.

440 628 529 692 dunt
541 625 682 710 Angue
695 649 705 710 ;
727 649 791 694 nae
806 629 879 694 ulla
895 648 975 712 spes
992 636 1046 694 est
1058 628 1219 693 finiendae
1232 630 1392 696 miseriae.

376 787 381 798 ‚
441 725 552 811 Cujus
568 727 652 792 mali
667 747 809 792 causam
824 737 961 812 tempus
976 736 1042 806 est,
1057 729 1148 792 sicut
1164 729 1293 793 dudum
1311 750 1394 814 spo-

440 825 557 908 pondi,
572 834 612 890 ut
627 845 739 891 sermo
755 834 874 892 noster
888 828 1009 911 paucis
1027 827 1207 894 absolvere
1222 835 1345 894 tentet.

322 951 345 980 ω
376 990 393 1030 Ι
491 924 599 1008 §228.
624 925 705 990 Rex
723 925 916 991 Edwardus
940 946 1073 1011 pronus
1085 926 1121 990 in
1134 928 1280 1005 senium,
1297 929 1391 1010 quod

439 1022 515 1106 ipse
538 1044 609 1088 nou
630 1032 831 1108 susceperat
854 1027 994 1103 liberos,
1018 1033 1055 1090 et
1079 1024 1242 1090 Godwini
1258 1027 1392 1093 videret

438 1123 652 1188 invalescere
675 1124 778 1202 filios,
810 1125 905 1190 misit
928 1124 972 1188 ad
998 1144 1115 1208 regem
1142 1125 1328 1189 Hunorum
1350 1134 1391 1191 ut

325 1299 331 1307 ,
438 1221 547 1286 filium
560 1223 677 1288 fratris
694 1224 880 1302 Edmundi,
891 1224 1113 1301 Edwardum,
1131 1244 1210 1288 cum
1226 1226 1321 1288 omni
1336 1225 1391 1289 fa·

437 1321 534 1386 milia
553 1339 619 1387 sua
636 1323 810 1388 mitteret:
834 1322 1000 1400 futurum,
1023 1331 1063 1388 ut
1084 1330 1147 1388 aut
1166 1324 1226 1386 ille
1248 1330 1310 1387 aut
1325 1323 1388 1388 filii

437 1420 493 1483 sui
520 1421 708 1486 succedant
732 1441 840 1504 regno
865 1422 1084 1487 haereditario
1109 1421 1271 1503 Angliae3
1295 1423 1387 1487 orbi-

437 1525 545 1582 tatem
560 1539 660 1584 suam
682 1528 910 1603 cognatorum
931 1521 1097 1604 suffragio
1122 1522 1311 1586 sustentari
1326 1522 1386 1585 de-

435 1617 530 1682 bere.
581 1611 658 1684 ¹Ita
677 1621 771 1685 venit
792 1620 998 1698 Edwardus‚
1020 1621 1081 1686 sed
1104 1621 1271 1684 continuo
1293 1622 1386 1702 apud

435 1725 594 1781 sanctum
612 1717 760 1783 Paulum
776 1719 967 1784 Londoniae
989 1720 1064 1784 fato
1079 1720 1220 1783 functus
1243 1727 1308 1798 est,
1323 1721 1385 1785 tri·

435 1815 500 1879 bus
534 1817 652 1882 liberis
683 1819 948 1901 superstitibus;
980 1819 1035 1883 vir
1062 1838 1175 1910 neque
1204 1825 1384 1902 promptus

434 1933 552 1991 manu,
574 1936 685 1998 neque
705 1918 834 2000 probus
857 1917 1020 2000 ingenioz
1044 1917 1196 1998 Edgaro,
1218 1918 1279 1999 qui
1303 1925 1384 2001 post

433 2013 639 2080 occisionem
662 2013 812 2080 Haroldi
828 2035 851 2081 a
864 2016 1072 2098 quibusdam
1091 2017 1128 2080 in
1153 2035 1268 2097 regem
1293 2017 1382 2082 eleo-

434 2118 504 2190 ωε,
524 2121 559 2178 et
573 2115 671 2179 vario
690 2115 769 2179 lusu
790 2115 939 2180 fortunae
961 2121 1109 2191 rotatus,
1133 2108 1241 2197 ²pene
1264 2116 1381 2179 decre-

433 2212 544 2293 pitum
569 2213 659 2278 diem
684 2212 847 2296 ignobilis
871 2216 945 2278 ruri
969 2214 1063 2296 agit3
1088 2213 1277 2290 Christina,
1302 2234 1381 2298 quae

433 2312 688 2377 sanctimoniali
701 2312 822 2378 habitu
845 2314 937 2396 apud
956 2313 1158 2378 Rumesiam
1180 2313 1379 2394 consenuit3

433 2406 648 2492 Margareta
663 2431 767 2494 quam
790 2413 999 2477 Malcolmus
1020 2433 1084 2476 rex
1109 2411 1306 2477 Scottorum
1329 2414 1380 2477 le·

430 2508 554 2588 gitimo
568 2511 787 2576 matrimonio
801 2511 915 2576 duxit.
968 2511 1070 2588 Haec,
1086 2531 1270 2575 numerosa
1282 2512 1380 2594 prole

430 2605 606 2686 foecunda,
626 2608 748 2674 habuit
770 2610 860 2674 filios
880 2610 1057 2692 Edgarum
1080 2617 1117 2674 et
1138 2608 1379 2676 Alexandrum

430 2706 490 2787 qui
519 2715 600 2790 post
623 2717 758 2790 patrem
781 2715 1015 2792 regnaverunt
1037 2710 1073 2772 in
1096 2707 1215 2772 Scotia
1240 2729 1378 2774 succes-

429 2805 527 2869 sione
542 2807 728 2888 continua3
750 2827 831 2872 nam
846 2808 973 2885 senior,
990 2801 1213 2884 'Edwardua
1230 2808 1268 2870 in
1285 2809 1376 2872 bello

429 2913 632 2988 compatre
660 2908 843 2987 occubuit3
865 2907 996 2991 junior,
1022 2906 1150 2984 David,
1176 2914 1376 2971 mansuetu-

429 3002 510 3068 dine
531 3013 566 3069 et
581 3007 755 3088 sapientia
773 3007 929 3083 celebris,
953 3026 1017 3070 rex
1038 3006 1165 3070 Scotiae
1188 3006 1291 3070 modo
1312 3005 1375 3069 ha·

428 3101 548 3166 betur:
572 3103 674 3180 filias,
700 3104 882 3168 Matildem
905 3124 1009 3188 quam
1030 3111 1151 3168 nostro
1172 3104 1290 3168 seculo
1311 3123 1375 3168 rex

428 3197 615 3278 Henricus,
644 3201 794 3266 Mariam
819 3222 923 3286 quam
945 3202 1154 3268 Eustachius
1173 3201 1293 3286 junior
1314 3221 1374 3267 co.-

427 3316 501 3362 mes
515 3300 696 3378 Bononiae,
713 3321 841 3366 uxores
856 3303 1039 3366 duxerunt.
1088 3302 1169 3367 Rex
1184 3300 1304 3383 itaque
1313 3301 1373 3366 de-

426 3395 546 3463 functo
560 3407 721 3481 cognato,
736 3401 820 3484 quia
840 3420 921 3484 spes
936 3401 1061 3483 prioris
1075 3407 1150 3464 erat
1165 3399 1281 3464 soluta
1301 3400 1374 3464 sui·

424 3494 540 3580 fragii,
550 3491 741 3564 *willelmo
754 3498 873 3564 comiti
882 3499 1108 3566 Normanniae
1119 3498 1375 3564 successionem

460 3809 532 3861 ¹Ite
548 3811 616 3861 uait
634 3812 794 3876 Edessam]
817 3811 885 3862 Ead-
909 3825 954 3862 eon
982 3809 1095 3862 Edward
1116 3827 1184 3862 were
1212 3813 1279 3863 elain
1301 3813 1373 3865 AJ).

424 3881 497 3930 ward
523 3881 642 3930 returned
664 3886 690 3930 to
713 3882 832 3944 ummo
858 3882 885 3931 in
911 3885 984 3931 1oos.
1201 3895 1205 3906 ·

425 3951 561 4010 106⁷‚end
572 3950 631 3998 died
642 3951 722 4000 inthe
734 3966 802 4001 same
813 3966 884 4012 year.
943 3948 1092 4000 ⁴Willelmo
1111 3949 1193 3999 coniti
1212 3951 1371 4002 Noemonoioe

460 4018 569 4083 Ῥω]
583 4021 614 4071 C.
627 4019 660 4070 D.
670 4021 704 4071 E.
714 4037 722 4083 ;
732 4035 799 4070 nnnc
810 4035 884 4083 pene,
908 4019 1077 4069 memnonem
1086 4017 1188 4080 inglu
1198 4017 1288 4089 dedit]
1302 4021 1311 4050 ‘
1317 4022 1370 4070 Ed·

423 4088 458 4140 A.
470 4090 500 4139 S.
511 4089 543 4138 L.
907 4089 1021 4151 wardus,
1037 4088 1107 4138 senio
1113 4089 1169 4151 jam
1181 4095 1311 4152 maratus,
1321 4096 1370 4141 etc.

459 4157 626 4219 'Edwardua
640 4157 739 4207 inbelle
749 4174 803 4208 eam
810 4163 882 4222 petre
907 4159 941 4207 ad
957 4163 1091 4220 cognatum
1111 4171 1186 4206 suum
1206 4159 1369 4209 Wilhelmum

422 4227 553 4292 aeonia]
567 4228 768 4290 Kingltlelcolm
779 4228 882 4279 andhis
907 4229 1023 4280 comitem
1060 4226 1224 4277 Normanniae
1258 4229 1368 4277 animum
