3162 4972
215 505 282 550 ura.
301 487 357 571 1.]
439 504 552 552 casm
577 503 703 554 aucum
728 503 942 553 rucconuu.
1103 491 1168 555 165

215 681 349 740 norum,
379 661 459 726 veni
487 661 531 726 ad
560 682 623 724 me.
677 661 756 725 Scio
787 661 878 745 quod
906 681 969 744 per
994 665 1167 745 poenalem
1180 681 1282 744 carae·

212 762 326 826 locum
352 761 491 838 venisti,
513 761 572 824 ubi
601 769 655 824 est
678 769 779 843 pater
804 770 898 839 tuuc,
926 762 1034 826 frater
1058 783 1167 842 mem,
1180 734 1257 774 'hm'

213 862 348 944 positus
365 860 401 923 in
418 860 559 923 thermis
575 860 641 924 sibi
655 861 857 940 destinatis3
878 860 940 924 sed
954 882 1016 943 per
1035 862 1167 926 miseri·

214 958 366 1023 cordiam
389 960 457 1023 Dei
481 959 644 1023 citissime
667 961 710 1022 de
731 959 800 1023 illis
821 961 1022 1024 liberabitur
1042 964 1166 1042 poeniS,

214 1059 305 1122 sicut
325 1066 361 1122 et
383 1077 447 1122 nos
469 1058 605 1122 liberati
626 1077 756 1134 sumus,
776 1061 907 1124 meritis
928 1061 1041 1124 sancti
1057 1059 1166 1139 Petri,

214 1159 577 1242 sanctiquelprecibus
602 1158 764 1240 Remigii,
791 1160 847 1222 cui
877 1159 974 1222 Deus
1002 1179 1165 1240 magnum

214 1258 462 1339 apostolatum
476 1257 571 1320 dedit
600 1275 704 1339 super
733 1277 832 1338 reges
856 1265 891 1322 et
919 1277 1023 1340 super
1043 1267 1165 1340 gentes

215 1357 448 1436 Francorum
482 1356 542 1438 qui
570 1356 637 1418 nisi
659 1355 853 1438 quisquiliis
880 1365 1008 1420 nostrae
1038 1376 1164 1440 propa·

215 1456 306 1536 ginis
338 1455 548 1537 suffragatus
575 1453 679 1518 suerit
709 1463 746 1518 et
770 1455 954 1538 adjuverit,
982 1455 1058 1538 jam
1080 1457 1164 1519 defi-

214 1555 282 1618 ciet
307 1554 511 1636 genealogia
536 1560 657 1617 nostra
679 1555 855 1635 regnando
879 1563 915 1618 et
941 1555 1162 1637 imperando:

212 1653 304 1717 unde
318 1655 405 1717 scito
418 1653 580 1736 quoniam
596 1652 737 1716 tolletur
748 1655 845 1717 ocius
861 1660 1016 1737 potestas
1029 1654 1164 1736 imperii

212 1752 255 1816 de
270 1773 373 1816 manu
382 1761 455 1828 tua,
467 1761 502 1817 et
515 1759 638 1834 postea
650 1753 854 1833 parvissimo
863 1753 961 1817 vives
975 1754 1164 1834 tempore.'’

212 1852 323 1929 Tunc,
333 1871 519 1917 conversus
534 1857 655 1914 contra
667 1870 733 1926 me,
746 1851 950 1916 Lodowicus
964 1851 1055 1915 dixit
1067 1853 1162 1928 mihi,

213 1951 436 2033 “Imperium
456 1950 548 2033 quod
570 1949 736 2013 hactenus
752 1952 906 2027 tenuisti,
917 1951 997 2034 jure
1016 1950 1162 2014 haeredi-

212 2051 302 2114 tario
321 2050 424 2113 debet
434 2051 586 2131 recipere
597 2043 813 2113 ¹Lodowicus
827 2051 920 2113 filius
934 2050 1015 2112 filiae
1030 2070 1115 2113 meae
1129 2051 1162 2130 ;”

211 2158 258 2227 et,
270 2148 335 2212 hoc
345 2150 450 2226 dicto,
458 2149 569 2213 visum
579 2155 632 2211 est
641 2148 724 2210 mihi
737 2148 842 2212 affore
852 2149 888 2210 in
900 2151 1162 2231 praesentiarum

211 2249 431 2312 infantulum.
471 2248 584 2322 Tunc,
596 2247 734 2310 intuens
749 2267 839 2324 eum,
855 2247 1041 2311 Lotharius
1057 2241 1162 2311 ²avus

212 2347 287 2430 ejus
298 2348 387 2410 dixit
399 2346 495 2423 mihi,
508 2352 531 2382 ‘⁴
548 2346 646 2408 Talis
653 2346 791 2410 videtur
810 2366 885 2410 esse
908 2347 1034 2423 infans,
1048 2347 1161 2428 qualis

211 2445 269 2510 ille
296 2466 383 2529 puer
411 2445 477 2510 fuit
505 2465 607 2527 quem
636 2445 761 2508 statuit
782 2445 953 2509 Dominus
982 2446 1019 2508 in
1049 2447 1162 2510 medio

211 2545 468 2628 discipulorum,
487 2552 523 2608 et
543 2544 645 2620 dixit,
668 2537 844 2607 ‘³'I'alium
866 2552 919 2607 est
932 2564 1075 2625 regnum
1090 2565 1162 2608 coe·

210 2646 343 2710 lorum:
367 2645 443 2708 dico
464 2644 575 2721 101113,
598 2644 680 2724 quia
700 2643 816 2724 angeli
837 2662 955 2705 eorum
976 2642 1095 2707 vident
1110 2642 1160 2706 sa·

212 2745 299 2808 ciem
336 2744 445 2826 patris
475 2744 543 2807 mei
570 2743 630 2824 qui
658 2743 695 2804 in
723 2742 821 2805 coelis
850 2741 926 2806 est.'
990 2741 1046 2803 Tu
1079 2761 1162 2806 vero
1237 2759 1241 2766 ·

212 2844 316 2907 redde
341 2844 392 2906 illi
413 2849 620 2925 potestatem
645 2842 778 2924 imperii
792 2861 855 2924 per
869 2840 954 2905 illud
968 2840 1064 2903 filum
1086 2840 1163 2921 glo-

213 2943 315 3006 meris
342 2943 433 3025 quod
462 2942 498 3004 in
535 2961 641 3005 manu
665 2941 798 3005 tenes?
849 2940 1049 3004 Disnodans
1078 2958 1161 3021 ergo

212 3042 306 3105 filum
331 3043 373 3106 de
398 3042 523 3124 pollice
535 3041 669 3105 dextrae
692 3060 790 3117 meae,
810 3040 981 3105 donabam
997 3039 1048 3104 illi
1063 3059 1160 3104 mon-

211 3142 362 3206 archiam
386 3161 521 3205 omnem
552 3140 686 3222 imperii
711 3159 774 3222 per
803 3141 916 3223 ipsum
939 3141 1055 3220 filum3
1089 3147 1161 3203 sta-

245 3339 407 3391 ¹Lodowicaa
418 3340 492 3405 filias
503 3339 569 3404 filia
590 3331 678 3406 mem]
698 3341 751 3389 and
766 3340 879 3402 bliuded,
890 3341 917 3388 iu
928 3344 985 3388 902.
1021 3338 1108 3386 About
1118 3337 1161 3385 the

208 3411 297 3472 Leuis,
309 3410 444 3460 sur-named
454 3409 611 3471 L'Aveugle‚
627 3423 672 3456 son
698 3410 749 3460 end
764 3411 794 3459 cf
808 3411 851 3458 the
861 3423 924 3470 year
937 3411 995 3468 999,
1013 3421 1042 3454 ο1
1059 3407 1102 3454 the
1118 3407 1163 3454 he-

210 3480 240 3528 11
248 3481 333 3527 Boson
343 3479 407 3539 king
424 3477 452 3526 of
466 3479 606 3539 Provence,
622 3477 673 3525 aud
699 3478 803 3539 giuuing
819 3479 849 3527 ol
864 3481 923 3537 991,
933 3476 967 3525 he
976 3488 1032 3522 was
1043 3474 1161 3524 crowued

185 3543 188 3549 ’
210 3547 411 3608 Hermengurde,
432 3546 558 3608 daughter
581 3547 610 3595 of
630 3546 672 3594 the
698 3545 813 3607 emperor
828 3547 863 3606 by
882 3546 954 3606 Pope
971 3543 1095 3591 Benedict
1113 3543 1161 3590 lv.

211 3630 325 3678 emperor
346 3615 425 3664 Louie
447 3615 485 3665 ΙΙ.
533 3615 609 3675 Upon
630 3614 673 3662 the
698 3615 777 3663 Louis
788 3630 842 3664 was
860 3615 941 3674 living
951 3612 1016 3661 after
1026 3612 1069 3660 the
1081 3611 1125 3660 6111
1136 3610 1165 3659 of

210 3685 287 3734 death
309 3685 339 3733 of
357 3683 464 3734 Charlee
495 3683 519 3730 le
542 3683 619 3744 Gros,
646 3683 673 3731 iu
698 3685 814 3744 January
833 3687 890 3744 823,
907 3683 1001 3743 having
1023 3680 1162 3742 granteda

211 3759 269 3816 888,
279 3754 322 3802 the
338 3757 417 3802 states
427 3767 495 3801 were
505 3751 609 3800 divided
620 3751 672 3800 into
698 3753 810 3814 diploma
820 3752 848 3801 of
862 3753 918 3801 that
928 3752 996 3812 date,
1007 3750 1034 3798 in
1044 3750 1087 3798 the
1099 3748 1162 3798 19111

209 3825 258 3873 five
268 3824 413 3885 kingdoms,
423 3821 559 3870 andLouis
569 3822 672 3869 became
697 3837 759 3883 year
779 3822 808 3871 ol'
826 3823 867 3872 his
890 3822 994 3882 empire.
1034 3820 1076 3868 He
1101 3819 1163 3871 died

209 3893 273 3954 king
291 3893 320 3941 of
335 3893 428 3941 Arles:
450 3892 483 3941 111
499 3904 554 3939 was
577 3905 672 3939 crown·
697 3894 775 3942 about
785 3893 827 3940 the
838 3906 900 3956 year
910 3894 968 3942 919.

209 3963 243 4012 ed
265 3963 328 4024 king
349 3960 378 4011 ol'
400 3959 543 4022 Burgundy
565 3960 592 4007 in
614 3963 673 4020 890,
732 3989 743 4022 ,

208 4037 279 4081 went
295 4037 321 4081 to
339 4031 408 4092 Italy
427 4032 453 4078 in
476 4034 534 4090 899,
551 4030 602 4078 aud
618 4043 673 4077 was

212 4098 674 4162 driveubackbyBerenger‚pseudo·

210 4186 338 4234 emperor;
355 4172 401 4219 hut
416 4169 546 4230 retumiug
557 4173 582 4216 to
595 4169 674 4216 Rome

208 4240 237 4289 iu
257 4246 315 4302 909,
329 4245 446 4300 contrary
456 4244 482 4287 to
500 4239 540 4286 hie
557 4238 626 4300 cath,
642 4237 673 4286 he
734 4231 745 4263 ³
758 4232 853 4282 Talium
865 4268 872 4284 .
886 4267 892 4282 .
906 4231 988 4283 .coelts
998 4228 1055 4295 eat]
1071 4227 1165 4282 Matth.

211 4325 267 4360 was
277 4310 355 4363 taken
365 4311 480 4372 prisoner
491 4310 526 4370 by
538 4309 675 4371 Berenger,
702 4316 781 4354 xvur.
797 4307 838 4354 19.

750 3987 841 4060 Aram]
853 3991 907 4040 The
918 4004 1033 4050 emperor
1044 3988 1163 4039 Lethaita

697 4077 752 4112 was
770 4059 1017 4124 great·grandl'ather
1035 4058 1064 4107 οἰ
1083 4058 1163 4106 Louie

697 4132 841 4193 l’Aveugle.
