3162 4972
496 725 905 808 PROLOGUS
988 657 990 660 Ι

375 931 431 990 ru
463 931 677 1008 nrnnuu
711 933 1031 1020 secunaum..

640 1103 762 1118 ῃ

373 1232 510 1281 lNGlPl'l'
533 1235 718 1287 PROLOGUS
742 1238 898 1289 SECUNDI
922 1241 1031 1288 LIBRI.

245 1462 379 1501 ,
397 1418 445 1515 ᾆξ.
474 1418 531 1483 IU
564 1426 619 1483 est
652 1420 757 1502 quod,
796 1428 831 1485 et
871 1431 1052 1504 parentum
1088 1444 1183 1503 cura,

252 1540 288 1605 ,a
320 1502 382 1607 a]
494 1527 530 1583 et
546 1526 683 1603 meapte
705 1520 895 1602 diligentia,
916 1522 1014 1586 libris
1035 1522 1184 1588 insuevi.

312 1598 382 1695 l
398 1636 453 1709 ἧς
496 1619 586 1683 Haec
603 1639 657 1684 me
677 1621 838 1703 voluptas
856 1621 931 1706 jam
953 1621 1034 1687 inde
1055 1642 1078 1687 a
1098 1643 1183 1706 pue-

246 1713 281 1813 κζ
295 1698 449 1821 i,
494 1719 576 1783 ritia
608 1721 721 1803 cepit3
757 1720 832 1785 haec
858 1722 1021 1787 illecebra
1051 1743 1184 1788 mecum

433 1826 436 1833 '
493 1818 660 1902 parilibus
686 1820 839 1886 adolevit
872 1821 993 1886 annis:
1035 1843 1116 1886 nam
1148 1829 1184 1887 et

230 1921 281 1985 ita
307 1929 453 2007 epatre
482 1919 663 1985 institutus
696 1939 802 1998 eram,
830 1929 882 2000 ut,
909 1921 939 1986 si
970 1921 1015 1987 ad
1046 1922 1184 1988 diversa

231 2021 438 2086 declinarem
464 2019 591 2097 studia,
615 2028 708 2084 esset
733 2022 857 2086 animae
887 2021 1117 2105 dispendium,
1148 2031 1183 2088 et

231 2121 333 2186 famae
362 2122 564 2205 periculum.
631 2119 804 2198 Quocirca
827 2141 958 2186 memor
987 2123 1182 2200 sententiae,

231 2227 242 2256 ⁴
261 2221 391 2304 Cupias
407 2222 637 2305 quodcunque
654 2239 794 2286 necesse
810 2222 887 2300 est‚'
904 2221 1036 2286 extorsi
1054 2223 1182 2306 juven-

232 2322 302 2386 tuti
331 2342 418 2387 meae
452 2330 492 2386 ut
528 2321 676 2385 libenter
708 2321 831 2386 vellem
864 2321 957 2404 quod
991 2342 1062 2386 non
1093 2322 1182 2388 velle

231 2421 375 2487 honeste
400 2443 471 2487 non
497 2439 646 2504 possem.
698 2421 745 2485 Et
769 2421 887 2486 multis
914 2422 1051 2504 quidem
1073 2423 1183 2487 literis

230 2521 383 2604 impendi
422 2540 575 2606 operam,
614 2521 675 2584 sed
715 2521 793 2584 aliis
827 2522 942 2586 aliam.
1018 2522 1184 2604 Logicam

232 2621 336 2700 enim,
361 2641 439 2706 quae
466 2628 579 2687 armat
604 2620 791 2703 eloquium,
817 2621 891 2685 solo
915 2621 1023 2684 libavi
1039 2619 1181 2685 auditu:

231 2720 421 2804 physicam,
454 2741 532 2804 quae
568 2720 724 2784 medetur
762 2720 953 2785 valetudini
990 2740 1184 2802 corporum,

232 2820 411 2902 aliquanto
442 2821 595 2904 pressius
626 2818 790 2902 concepi:
826 2820 902 2905 jam
941 2839 1024 2885 vero
1061 2820 1184 2884 ethicae

231 2928 349 3003 partes
379 2921 577 2985 medullitus
608 2920 764 2998 rimatus,
800 2919 894 2984 illius
925 2919 1100 3005 majestati
1128 2940 1184 2983 as-

232 3040 351 3103 surgo,
376 3021 470 3105 quod
484 3041 546 3104 per
560 3040 598 3084 se
611 3019 828 3085 studentibus
843 3028 976 3104 pateat,
1001 3028 1036 3088 et
1049 3019 1183 3085 animos

232 3120 276 3183 ad
300 3122 388 3186 bene
416 3120 603 3187 vivendum
629 3128 835 3202 componat:
863 3121 1043 3186 historiam
1062 3121 1184 3204 praeci-

232 3240 312 3303 pue,
348 3240 439 3303 quae,
473 3219 629 3305 jocunda
667 3221 818 3303 quadam
849 3228 1026 3303 gestorum
1058 3221 1184 3285 notitia

232 3339 345 3385 mores
384 3320 549 3385 condiens
589 3318 634 3383 ad
664 3320 756 3383 bona
787 3320 973 3402 sequenda,
1004 3320 1061 3385 vel
1090 3320 1185 3384 mala

232 3419 399 3498 cavenda,
418 3420 574 3502 legentes
592 3418 759 3501 exemplis
774 3419 900 3483 irritat.
953 3418 1091 3500 Itaque,
1105 3439 1184 3482 cum

166 3573 169 3579 .
232 3518 430 3583 domesticis
455 3519 649 3602 sumptibus
671 3518 855 3581 nonnullos
878 3503 1076 3581 exterarum
1098 3537 1184 3598 gen·

231 3616 318 3681 tium
334 3617 517 3683 historicos
536 3616 752 3694 conflassem,
767 3615 928 3680 familiari
944 3616 1016 3691 otio
1030 3635 1185 3699 quaerere

231 3715 370 3799 perrexi
408 3716 438 3780 si
473 3717 556 3800 quid
594 3715 636 3780 de
676 3724 796 3781 nostra
827 3724 931 3797 gente
963 3717 1186 3781 memorabile

231 3816 380 3899 posteris
418 3823 537 3899 posset
575 3816 727 3898 reperiri.
796 3815 891 3882 Hinc
921 3824 975 3881 est
1005 3816 1109 3900 quod,
1141 3818 1185 3881 ab

232 3917 377 4000 antiquo
416 3916 554 4000 scriptis
586 3934 657 3980 non
689 3922 885 3994 contentus,
914 3917 990 3999 ipse
1031 3910 1186 3999 ¹quoque

267 4156 389 4224 ¹anpae
410 4154 578 4228 scripturire]
613 4159 642 4209 S.
665 4159 695 4210 C.
708 4159 740 4209 Ε.
757 4159 805 4219 L.;
830 4173 940 4221 quaeque
959 4158 1115 4223 scripturire,
1135 4159 1186 4221 D.;

232 4244 333 4291 quoque
345 4231 496 4292 scriptitare,
507 4230 542 4282 A.
