3162 4972
224 869 325 916 met·

223 920 277 957 lrom
291 918 325 956 hle

225 968 324 1018 Epirtlee.

379 477 444 544 102
608 491 722 540 unsri
746 492 873 542 arcun
896 491 1113 541 nuononuu.
1204 471 1291 560 [nm.
1307 496 1332 542 1.

382 658 525 735 propter
557 648 787 733 pervicaciam
820 647 991 713 malorum
1022 668 1157 713 morum
1196 669 1335 732 pessum

383 752 474 815 ierit.

437 849 524 933 §7st
558 842 639 914 ¹Ait
669 869 753 930 ergo
785 849 830 912 ad
862 839 1094 924 'wiorenses
1127 848 1221 930 apud
1248 867 1336 931 quos

387 949 486 1014 Beda
511 948 649 1012 vixerat
676 956 711 1012 et
738 949 884 1024 obierat,
900 967 946 1010 ex
962 948 1104 1030 obliquo
1131 947 1254 1012 iecisse
1281 968 1336 1012 ar·

387 1067 510 1131 gneus,
537 1047 629 1131 quod
656 1067 699 1112 ne
725 1047 856 1112 faciant
874 1053 997 1128 rogat:
1021 1055 1223 1111 assuescant
1238 1049 1337 1129 pueri

388 1156 505 1213 astare
520 1146 681 1212 laudibus
692 1148 832 1230 superni
842 1145 964 1227 Regis,
974 1166 1043 1210 non
1055 1147 1211 1229 vulpium
1221 1147 1338 1211 fodere

389 1265 569 1324 cavernas,
602 1265 672 1310 non
705 1246 848 1327 fugaces
879 1245 1034 1328 leporum
1069 1247 1167 1329 sequi
1196 1266 1337 1327 cursus3
1404 1268 1407 1274 ·

388 1347 525 1412 discant
540 1365 633 1410 nunc
649 1347 838 1428 scripturas
854 1364 983 1422 sacrae,
1000 1353 1040 1410 ut
1061 1353 1166 1408 aetate
1187 1346 1340 1428 perfecta

389 1447 477 1510 ahos
493 1446 618 1510 docere
632 1446 780 1528 possint.
832 1439 1080 1526 ‘³Recogitate
1090 1446 1341 1509 nobilissimum

390 1539 517 1610 *nostri
534 1546 700 1627 temporiS
715 1545 920 1626 magistrum
941 1544 1073 1608 Bedam
1089 1546 1340 1628 presbyterum,

391 1645 501 1727 quale
510 1645 631 1708 hahuit
645 1646 682 1707 in
695 1647 881 1728 juventute
899 1643 1052 1707 discendi
1069 1643 1235 1721 studium,
1252 1665 1339 1727 qua·

390 1745 459 1807 lom
475 1764 566 1807 nunc
583 1743 688 1807 habet
711 1744 802 1806 inter
826 1742 980 1806 homines
1004 1743 1153 1819 laudem,
1172 1750 1207 1806 et
1231 1745 1340 1808 multo

390 1843 556 1926 majorem
589 1843 681 1924 apud
714 1843 829 1906 Deum
861 1844 1148 1906 remunerationis
1171 1842 1340 1924 gloriam’

393 1942 483 2006 Item
506 1942 551 2005 ad
574 1942 829 2006 Eboracenses:
854 1936 978 2005 ‘⁶Non
994 1963 1057 2024 pro
1083 1943 1159 2005 auri
1181 1944 1340 2020 avaritia,

393 2043 493 2105 testis
521 2048 575 2104 est
600 2042 668 2106 mei
696 2041 865 2123 Cognitor
891 2041 1016 2118 cordis,
1044 2042 1227 2105 Franciam
1249 2044 1341 2120 veni,

392 2160 456 2205 nec
480 2142 630 2205 remansi
655 2141 692 2204 in
709 2161 770 2221 ea3
794 2140 853 2204 sed
880 2141 1124 2205 ecclesiasticae
1149 2161 1257 2205 causa
1281 2163 1340 2206 ne-

392 2241 589 2305 cessitatis?
641 2239 732 2304 Item
758 2241 803 2304 ad
830 2240 943 2305 Offam
966 2260 1083 2322 regem
1110 2240 1341 2306 Merciorum:

393 2334 511 2423 ‘⁶Ego
526 2346 670 2422 paratus
687 2360 781 2404 eram
795 2360 873 2403 cum
890 2341 1089 2404 muneribus
1103 2340 1228 2404 Karoli
1249 2343 1340 2424 regis

393 2440 436 2503 ad
464 2459 527 2504 vos
554 2441 683 2517 venire,
711 2448 746 2503 et
773 2441 921 2522 patriam
949 2441 1095 2519 reverti3
1133 2441 1193 2503 sed
1220 2441 1342 2505 molius

392 2539 476 2602 mihi
503 2540 615 2604 visum
643 2547 696 2602 est
723 2547 866 2622 propter
898 2558 1019 2621 pacem
1046 2542 1160 2622 gentis
1187 2561 1273 2604 meae
1306 2543 1341 2604 in

392 2640 669 2721 peregrinatione
694 2659 882 2716 remanere,
900 2640 1056 2703 nesciens
1079 2641 1161 2723 quid
1186 2639 1342 2705 fecissem

392 2739 484 2803 inter
508 2759 580 2817 eoo,
606 2740 697 2802 inter
722 2759 810 2822 quos
835 2738 951 2801 nullus
969 2759 1111 2803 securus
1129 2759 1216 2819 esse,
1234 2742 1342 2805 velin

394 2838 526 2902 salubri
564 2839 709 2902 consilio
738 2839 916 2920 proficere,
948 2846 1075 2921 potest.
1145 2839 1236 2906 Ecce
1267 2841 1344 2905 loca

393 2938 704 3019 sanctaapaganis
715 2945 865 3013 vastata,
882 2938 1008 3001 altaria
1025 2939 1185 3023 perjuriis
1201 2941 1345 3019 foedata,

393 3037 605 3099 monasteria
621 3035 800 3099 adulteriis
816 3036 959 3114 violata,
977 3046 1070 3102 terra
1092 3041 1262 3122 sanguine
1284 3041 1345 3104 do·

394 3135 564 3197 minorum
581 3143 615 3199 et
637 3136 830 3218 principum
847 3135 1003 3200 foedata.’
1055 3137 1146 3201 Item
1173 3140 1217 3202 ad
1240 3141 1345 3223 Egel·

433 3293 521 3359 Qu]
538 3296 609 3346 AS.
621 3298 650 3346 C.
658 3296 693 3346 D.
702 3296 733 3346 L.
742 3298 800 3357 M.;
817 3298 860 3360 sit,
885 3312 959 3358 peers
975 3313 1044 3350 some
1055 3299 1151 3361 weight
1164 3301 1191 3348 in
1208 3300 1250 3350 the
1267 3303 1350 3363 objec-

395 3366 428 3415 E.
883 3368 944 3417 tion.
991 3369 1039 3418 See
1066 3370 1183 3419 Alcuin's
1207 3370 1295 3420 letters
1322 3377 1348 3420 to

429 3430 616 3504 ΨΜ]
647 3436 700 3486 'lhe
722 3437 812 3486 morke
834 3435 864 3488 oi
884 3437 1011 3499 Eanbeld‚
1037 3440 1187 3500 erehbishop
1214 3440 1243 3488 oi
1267 3441 1348 3503 York‚

392 3506 503 3558 Jurrow.
817 3533 818 3538 =
884 3507 934 3556 and
956 3512 982 3556 to
1000 3508 1192 3572 Charlemegne,
1208 3510 1293 3559 where
1315 3513 1348 3560 he

431 3573 616 3638 'Recogitate.
633 3611 640 3625 .
655 3575 800 3640 .glorr'um.]
812 3577 859 3626 See
884 3577 948 3626 calls
966 3577 1127 3640 Archbishop
1144 3580 1273 3642 Ecgherht
1290 3582 1348 3630 ‘di-

395 3645 499 3694 Alcuini
522 3646 617 3707 Opera,
643 3650 703 3696 tom.
727 3659 748 3696 1.
769 3661 796 3708 p.
819 3650 860 3709 22,
884 3648 1188 3710 lectusmagistermeue.'
1209 3651 1347 3714 Seeantea,

395 3715 471 3774 epist.
482 3727 543 3764 xnr.
884 3715 896 3782 ξ
907 3721 949 3778 65,
960 3733 986 3778 p.
998 3721 1039 3767 94.

432 3781 543 3832 ⁴Nosin'
559 3784 675 3846 terporis
692 3784 859 3848 magistrum]
918 3785 998 3836 ⁵Non
1007 3803 1052 3851 pro
1063 3789 1148 3838 ocri..
1159 3790 1347 3854 mecessitctm]

397 3851 471 3901 From
488 3853 559 3904 these
580 3855 664 3904 words
687 3853 805 3902 Carisius
823 3855 860 3904 in-
883 3855 936 3906 The
955 3859 1029 3906 letter
1046 3858 1110 3906 from
1127 3859 1211 3907 which
1228 3860 1349 3910 Malmes·

397 3921 448 3972 iers
470 3923 525 3972 that
546 3924 641 3973 Alcuin
662 3939 717 3972 was
745 3929 789 3973 not
816 3925 859 3974 the
884 3926 949 3989 bury
959 3928 1089 3977 extracted
1105 3928 1155 3976 this
1171 3942 1281 3990 passage
1292 3945 1347 3979 was

396 3993 470 4054 pupil
481 3993 510 4042 oi
524 3995 617 4055 Beda3
634 3993 692 4043 ‘for
705 3993 784 4057 why‚'
800 4008 859 4056 says
883 4002 927 4044 not
933 3997 1057 4046 knownto
1064 3997 1106 4045 the
1112 3997 1229 4046 editoroi
1232 3998 1349 4050 Alcuin’s

395 4061 437 4124 he,
465 4063 554 4113 ‘have
580 4065 673 4114 denied
699 4064 750 4114 this
775 4065 859 4126 preire
883 4067 1099 4128 works,in1⁷⁷7.

395 4135 422 4180 to
444 4133 526 4195 Beda,
551 4135 602 4184 und
624 4139 667 4182 not
688 4135 773 4183 rather
794 4133 859 4184 have
918 4134 1350 4200 “Egoporotss...priucipumsoe-

396 4203 478 4250 called
497 4204 549 4252 him
566 4204 606 4252 his
625 4207 717 4252 master
733 4204 794 4254 than
816 4204 858 4253 the
882 4207 962 4270 data]
985 4208 1033 4256 See
1043 4207 1147 4257 Alcuin.
1159 4206 1210 4268 Op.
1222 4211 1282 4258 tom.
1295 4221 1314 4259 1.
1322 4225 1349 4270 p.

395 4277 489 4320 master
498 4273 527 4320 of
543 4273 583 4321 his
597 4274 656 4322 time
665 4273 688 4320 τ’
722 4273 803 4322 There
814 4289 859 4334 ap·
883 4279 925 4336 67,
935 4277 1010 4338 epist.
1023 4290 1087 4328 xur.
