3106 4974
250 499 319 548 nm.
335 484 378 562 1.]
475 500 588 547 onera
613 500 741 550 nnouu
765 502 980 550 ancnonuu.
1157 487 1202 550 39

248 655 372 719 blande
386 654 621 721 sciscitantem
634 679 643 738 ;
659 677 763 741 quam
779 678 856 722 oum
879 658 937 722 ille
958 656 1201 721 incunctanter
1214 679 1341 720 Acmnntor

247 757 450 836 aperuisset,
475 758 652 822 revocavit
675 777 754 820 eum
783 777 805 822 a
832 757 1004 821 sententia
1028 757 1199 821 Dominus
1213 730 1361 781 ‘'mmm''

246 853 312 918 hoc
327 855 432 934 dicto,
448 861 457 890 ‘
471 856 677 920 Dedicatam
702 877 724 920 a
745 877 782 921 se
808 857 937 920 dudum
962 854 1141 921 ecclesiam
1163 856 1199 919 in

246 952 411 1018 honorem
438 957 557 1019 matris
585 976 671 1034 suae,
693 957 874 1024 iteratione
901 955 1053 1020 humana
1082 975 1198 1019 sacra-

247 1061 400 1117 mentum
416 1056 575 1119 temerari
595 1075 664 1120 non
688 1057 870 1138 oportere!
921 1055 1097 1137 Simulque
1120 1074 1198 1118 cum

247 1150 352 1229 dicto,
391 1153 501 1234 digito
531 1155 647 1219 volam
682 1157 856 1219 terebrare
893 1155 1000 1230 visus,
1037 1154 1197 1237 subjecit,

246 1251 351 1315 ‘Hoc
378 1252 521 1316 haberet
554 1254 690 1335 signum
723 1253 834 1338 repeti
863 1273 932 1318 non
960 1254 1082 1318 debere
1104 1253 1196 1335 quod

246 1351 321 1434 ipse
342 1353 567 1436 anticipasset
586 1353 720 1434 faeere3
745 1355 805 1418 sed
829 1355 912 1436 quia
931 1352 1132 1417 intentionis
1153 1352 1196 1415 il-

246 1449 323 1516 lius,
354 1470 424 1515 non
465 1459 536 1515 tam
574 1451 696 1516 fuisset
731 1453 878 1516 audacia
912 1472 1016 1533 quam
1045 1451 1196 1529 devotio,

246 1569 386 1631 poenam
400 1570 471 1614 non
483 1552 768 1634 prolongandam.
795 1551 954 1634 Denique
965 1570 1066 1614 mane
1081 1549 1198 1615 futuro

248 1668 336 1726 cum,
351 1649 388 1712 in
413 1651 532 1728 missa,
555 1651 678 1715 “Cum
703 1653 791 1734 ipso,
812 1659 847 1716 et
869 1671 931 1734 per
954 1651 1080 1732 ipsum,
1104 1650 1197 1713 etin

246 1747 357 1830 ipso,’'
372 1749 526 1814 dicturus
550 1758 653 1829 esset,
677 1750 816 1833 plenum
839 1751 870 1814 ei
894 1749 1017 1814 salutis
1042 1749 1196 1830 vigorem

247 1847 519 1914 refundendum?
579 1850 648 1914 His
679 1851 866 1915 terroribus
902 1851 1047 1913 antistes
1076 1867 1198 1912 somno

247 1967 426 2026 excussus,
441 1949 531 2013 sicut
544 1955 627 2013 tunc
649 1949 805 2014 ulcerosa
826 1949 922 2014 sanie
941 1947 1124 2031 impalluit,
1147 1944 1198 2011 s'ic

247 2053 369 2128 postea
398 2049 537 2113 veritati
566 2048 758 2131 prophetiae
789 2048 975 2132 applausit.
1045 2047 1113 2111 Sed
1153 2067 1197 2110 ne

247 2145 332 2209 nihil
360 2148 535 2211 videretur
571 2149 696 2231 egisse,
732 2147 837 2212 aliam
875 2146 1053 2212 ecclesiam
1089 2145 1196 2208 citato

246 2244 328 2322 fecit
352 2253 388 2310 et
411 2246 583 2310 dedicavit
609 2264 722 2330 opere.
775 2248 830 2311 De
855 2246 920 2310 hoc
948 2245 1031 2308 sane
1056 2245 1197 2325 egregio
1223 2287 1227 2298 -

247 2350 281 2408 et
311 2345 571 2428 incomparabili
600 2347 686 2424 viro,
713 2351 831 2409 utrum
859 2346 907 2409 ibi
935 2344 1069 2420 obierit,
1093 2343 1197 2406 auin

246 2443 327 2506 sede
339 2445 479 2528 propria
490 2447 597 2509 vitam
614 2445 752 2521 finierit,
767 2446 936 2510 incertum
950 2444 1071 2508 habeo.
1087 2437 1198 2505 ¹Nam

246 2563 324 2606 eum
346 2564 424 2607 cum
441 2547 543 2609 beato
567 2545 720 2608 Patricio
745 2563 820 2608 esse
846 2543 1035 2621 affirmant3
1060 2549 1096 2604 et
1111 2541 1197 2605 Wa-

245 2642 370 2720 lenses,
399 2645 594 2708 orationum
628 2643 918 2725 frequentatione,
948 2648 984 2705 et
1017 2640 1199 2721 multiplici

245 2761 415 2820 sermone,
428 2743 463 2806 id
479 2743 705 2825 proculdubio
725 2748 887 2806 astruunt
908 2748 943 2805 et
962 2740 1198 2815 corroborant,

246 2840 331 2904 illud
354 2841 392 2904 in
415 2843 565 2906 medium
582 2842 795 2925 proferentes
810 2835 1047 2904 ²Bernardum
1065 2837 1199 2920 episco-

243 2959 326 3022 pum
345 2942 451 3005 semel
476 2949 512 3005 et
535 2942 686 3006 secundo
716 2962 794 3005 eum
816 2942 996 3024 quaesisse,
1020 2945 1056 3002 et
1078 2937 1197 3001 multis

244 3039 511 3104 reclamantibus
541 3061 611 3105 non
645 3041 830 3107 invenisse.
883 3040 973 3104 Haec
1011 3038 1054 3102 dc
1092 3037 1195 3102 beato

247 3139 363 3205 David
379 3140 508 3204 dixisse
523 3139 683 3204 sufficiat.

296 3239 381 3322 §aa
409 3239 562 3304 Multum
585 3239 750 3322 temporis
774 3241 811 3303 in
834 3238 959 3314 medio,
982 3244 1018 3301 et
1032 3236 1128 3301 venit
1142 3228 1329 3298 ³ins.n.ne.⁴

245 3337 461 3410 Britanniam
483 3347 623 3403 sanctus
638 3338 868 3422 Augustinus,
893 3357 915 3400 a
935 3339 1036 3401 beato
1060 3334 1195 3416 Grego-

245 3435 298 3500 rio
308 3437 480 3516 directuS,
502 3457 593 3502 auno
607 3439 856 3503 incarnationis
872 3437 1013 3500 Domini
1027 3433 1196 3516 quingen-

244 3537 380 3601 tesimo.
399 3539 624 3620 nonagesimo
653 3545 774 3617 sext03
812 3535 911 3619 cujus
941 3531 1196 3615 praedicationis

149 3709 154 3716 ¹
246 3636 512 3702 commilitonem
527 3630 741 3715 ⁵Paulinum,
764 3655 810 3701 ex
830 3633 1088 3717 archiepiscopo
1105 3630 1197 3694 Ebo-

281 3857 368 3908 ¹Ncm
378 3862 454 3925 eom]
471 3863 522 3921 Ε.;
539 3875 597 3909 nam
608 3860 656 3909 viri
670 3875 709 3908 re·
734 3860 797 3910 with
816 3857 941 3920 Beruard,
959 3857 1018 3907 who
1036 3870 1091 3905 was
1108 3856 1199 3914 bishop

243 3929 329 3992 ligiosi
340 3931 511 3980 recordatione
519 3931 590 3993 digni
598 3945 666 3992 eum,
673 3931 708 3980 D.
735 3929 763 3978 of
771 3929 808 3977 St.
821 3927 929 3976 David's
940 3927 1010 3975 Am.
1024 3929 1096 3973 1115.

247 4001 287 4049 Μ.
768 3995 843 4058 ⁸Ia.]
861 3997 893 4045 E.
904 4011 912 4054 3
928 3993 1032 4042 omitted
1042 3993 1068 4040 in
1080 3993 1115 4042 D.
1128 3993 1166 4040 M.

279 4067 478 4132 wernerum]
496 4069 527 4118 In
543 4069 585 4117 the
603 4067 710 4128 ‘Antia
771 4059 866 4129 ⁴696.]
885 4064 932 4111 See
945 4077 970 4122 p.
985 4065 1025 4124 17,
1036 4065 1092 4110 note
1104 4059 1123 4110 ⁵.

245 4137 330 4188 Glast.
347 4137 489 4190 Ecel.’this
505 4152 610 4187 occurs:
629 4137 726 4184 ‘Ber¹
772 4131 937 4193 “Paulinam
964 4147 996 4180 ex
1024 4129 1201 4194 archiepiscopo

245 4210 352 4257 nardum
371 4209 520 4270 episcopum
538 4209 640 4258 Rosinae
659 4206 711 4254 val-
738 4202 886 4252 Eborucensi
903 4200 1030 4261 ltofencem
1045 4199 1200 4264 episcopum]

244 4277 296 4328 lis?
331 4279 385 4327 Mr.
400 4279 498 4340 Sharpe
516 4279 641 4328 identifies
660 4276 712 4339 him
739 4275 875 4336 Paulinus,
886 4272 949 4322 with
965 4271 1059 4336 others,
1075 4284 1129 4322 was
1146 4273 1202 4332 sent
