3128 4976
207 489 350 570 nin.11.]
426 505 541 554 eusrn
565 506 692 554 naeuu
719 507 932 555 nuenonuu.
1095 492 1161 555 253

208 668 245 724 et
269 680 292 724 a
315 661 479 740 secretis3
505 660 584 725 huic
608 681 671 725 rex
692 662 895 746 injunxerat
910 665 1099 746 negotium,
1122 672 1162 726 ut

211 760 380 824 Elfridam
403 760 510 824 filiam
534 760 661 842 Orgari
684 762 781 826 ducis
797 763 1066 838 Devenensium,
1082 783 1160 846 quae

211 859 322 923 forma
347 860 401 922 sui
423 860 542 924 oculos
565 860 752 925 relatorum
775 860 968 944 pellexerat
990 868 1161 944 quatenus

209 978 285 1022 eam
298 958 404 1040 regiis
415 960 556 1023 auribus
566 961 998 1038 commendarent-huic,
1007 963 1161 1043 inquam,
1255 974 1257 978 ’

209 1064 423 1140 praeceperat
452 1065 492 1121 ut
526 1058 622 1122 illam
658 1059 724 1124 iret
763 1061 991 1142 speculatum,
1022 1061 1162 1142 nuptias

210 1158 457 1222 conciliaturus
474 1158 504 1220 si
519 1159 648 1222 veritas
662 1159 764 1222 famae
780 1161 1043 1242 conquadraret.
1096 1159 1162 1222 Ille

212 1257 304 1320 viam
327 1256 495 1332 celerans,
522 1255 675 1340 nihilque
698 1265 825 1340 praeter
849 1260 1044 1341 opinionem
1069 1277 1161 1322 com·

211 1357 360 1437 periens,
378 1355 489 1419 celato
505 1355 596 1438 apud
616 1366 777 1439 parentes
799 1359 937 1436 nuncio,
962 1359 1033 1421 suis
1047 1358 1162 1439 potius

177 1463 184 1477 '
213 1455 331 1518 usibus
363 1455 514 1536 puellam
544 1456 720 1539 applicuit.
773 1457 927 1522 Rediens
960 1458 1004 1520 ad
1034 1476 1162 1538 regem,

215 1547 310 1636 ¹quae
334 1554 405 1618 suis
427 1555 584 1636 partibus
607 1555 848 1634 conducerent,
877 1557 1007 1637 allegat
1036 1557 1163 1638 speciei

212 1654 367 1735 vulgaris
382 1660 417 1718 et
432 1654 643 1735 quotidianae
666 1654 837 1738 pusiolam
864 1675 951 1733 esse,
976 1675 1039 1720 nec
1054 1662 1162 1719 tantae

213 1753 390 1835 majestati
411 1755 605 1821 convenire.
658 1755 817 1818 Reducto
839 1756 884 1818 ab
908 1754 962 1817 his
989 1755 1104 1818 animo
1128 1763 1163 1818 et

212 1853 291 1918 aliis
307 1852 479 1916 amoribus
502 1853 647 1930 intento,
662 1853 835 1918 delatores
850 1855 1018 1919 nunciant
1032 1860 1164 1936 quanta

213 1951 311 2015 illum
326 1950 567 2017 Athelwoldus
583 1955 713 2017 astutia
726 1955 932 2018 emunxerit.
984 1953 1051 2017 Ille
1064 1953 1163 2017 clavo

214 2051 350 2116 clavum
375 2052 564 2134 expellere,
598 2052 719 2117 fraude
756 2053 887 2118 seilicet
910 2051 1065 2116 fraudem
1090 2051 1163 2114 elu÷

215 2150 311 2227 dene,
338 2150 487 2214 frontem
516 2170 672 2214 serenam
701 2153 818 2215 comiti
845 2152 1036 2228 ostendere,
1074 2151 1164 2213 diem

215 2268 284 2330 quo
297 2249 456 2313 visitaret
474 2255 546 2311 tam
569 2249 746 2313 laudatam
763 2250 939 2314 mulierem
963 2249 1062 2331 quasi
1082 2249 1165 2332 joco

215 2347 357 2411 edicere.
392 2346 474 2426 Qui,
486 2355 558 2410 tam
572 2349 715 2412 terribili
729 2348 812 2412 ludo
827 2348 1058 2426 exanimatus,
1075 2368 1164 2431 prae-

217 2447 325 2510 currit
348 2446 391 2508 ad
424 2446 619 2530 conjugem,
644 2467 772 2528 rogans
795 2455 835 2510 ut
860 2467 933 2512 suae
956 2447 1061 2512 saluti
1082 2468 1164 2512 eon.-

216 2546 356 2622 suleret,
369 2552 405 2608 et
413 2553 581 2628 quantum
594 2555 713 2628 posset
723 2548 877 2610 vestibus
892 2566 929 2610 se
938 2547 1146 2610 deformaret
1157 2568 1165 2625 ;

217 2652 300 2709 tunc
324 2646 473 2726 primum
497 2645 655 2727 aperiens
678 2645 763 2709 facti
784 2647 838 2708 sui
853 2646 1045 2710 consilium.
1097 2645 1166 2709 Sed

216 2745 299 2825 quid
328 2764 398 2809 non
428 2745 607 2826 praesumit
634 2744 804 2808 soeminal
836 2763 923 2808 ausa
953 2751 1007 2808 est
1031 2738 1166 2808 ²miseri

218 2843 383 2907 amatoris
398 2850 434 2906 et
449 2843 549 2926 primi
564 2843 724 2927 conjugis
748 2844 850 2908 fidem
873 2844 1004 2921 fallere,
1028 2852 1064 2906 et
1087 2828 1165 2925 spe-

217 2943 296 3006 culo
310 2942 446 3006 vultum
461 2963 607 3020 comere,
630 2943 715 3006 nihil
736 2944 899 3007 omittens
921 2943 1013 3025 quod
1028 2942 1167 3026 ephoebi

218 3049 252 3106 et
268 3042 421 3124 potentis
442 3042 577 3106 lumbos
600 3049 823 3124 pertentaret.
875 3042 951 3106 Nec
976 3043 1064 3107 citra
1086 3062 1166 3124 pro-

217 3142 368 3224 positum
394 3141 531 3205 accidit.
582 3140 705 3204 Visam
731 3144 821 3206 enim
846 3143 933 3206 adeo
955 3143 1090 3218 inarsit,
1115 3150 1166 3218 ut,

217 3240 436 3305 dissimulato
451 3241 542 3317 odio,
558 3242 718 3305 comitem
734 3241 771 3304 in
786 3240 921 3324 sylvam
931 3236 1166 3317 ³Werewelle,

219 3341 334 3420 gratia
362 3339 511 3403 venandi
540 3340 700 3416 accitum,
718 3340 837 3422 jaculo
859 3341 1044 3423 trajiceret.
1098 3339 1168 3404 Ubi

220 3457 298 3501 cum
322 3437 413 3500 lilius
439 3437 543 3502 occisi
568 3439 695 3501 nothus
721 3437 881 3503 familiari
909 3459 974 3502 usu
1003 3458 1167 3519 superve-

127 3536 129 3540 ’
221 3537 341 3613 nisset,
370 3544 405 3600 et
433 3555 455 3599 a
481 3556 563 3618 rege
587 3537 820 3619 interrogatus
847 3546 939 3601 esset
963 3537 1111 3619 qualiter
1136 3537 1169 3599 ei

220 3637 302 3699 talis
325 3635 465 3699 venatio
480 3636 644 3718 placeret,
667 3636 884 3718 respondisse
901 3637 1022 3713 fertur,
1037 3641 1047 3670 ‘
1060 3637 1168 3712 Bene,

221 3735 358 3798 domine
380 3754 462 3814 rex;
487 3734 578 3817 quod
595 3734 659 3797 tibi
676 3735 790 3817 placet
804 3735 888 3799 mihi
904 3735 1085 3818 displicere
1100 3755 1169 3798 non

219 3832 322 3898 debet
335 3834 361 3898 τ’
384 3854 453 3916 quo
466 3833 559 3897 dicto
583 3833 634 3897 ita
649 3835 813 3899 tumentis
836 3836 988 3898 animum
1011 3855 1170 3899 mansue-

257 4062 364 4128 ¹le
380 4063 415 4113 Α·
429 4064 459 4115 S·
473 4063 551 4114 Μ’·
568 4063 684 4124 EM&
745 4087 755 4117 ³
776 4089 939 4154 wermere]
964 4092 994 4139 c.
1015 4090 1050 4138 o.
1071 4089 1103 4138 u.
1124 4089 1172 4148 t.;

221 4136 399 4267 diffrffiim]
423 4201 457 4252 A·
477 4203 506 4252 S·
528 4204 558 4253 C·
576 4203 613 4252 D·
633 4203 684 4262 Ed
709 4159 942 4293 &33¹¹th
960 4164 1066 4210 vocatur
1089 4159 1173 4207 Hare-

221 4275 324 4339 mieera,
335 4275 383 4334 L.;
399 4273 485 4335 primi,
497 4274 526 4324 S.
