3128 4976
392 443 459 510 258
622 457 1124 520 &reprcunnuononun
1203 443 1292 528 [nin.
1307 459 1350 505 11.

395 613 613 680 Wintoniam
635 621 788 679 ventum.
842 614 1003 693 Quirini
1031 614 1135 678 fuerit
1165 615 1243 678 finis
1273 635 1352 678 cer-

395 713 536 778 taminis
569 706 664 777 ¹aliae
690 712 802 778 literae
826 713 964 791 docent,
992 708 1229 778 ²Dominicam
1258 713 1348 778 ima-

397 811 512 894 ginem
528 831 691 894 expresse
715 814 867 877 locutam
893 811 1036 878 clericos
1060 832 1246 895 eorumque
1271 813 1351 876 fau·

397 919 491 977 tores
508 909 724 978 confudisse:
748 911 821 988 sed,
845 911 957 984 adhue
972 931 1042 976 non
1062 910 1191 976 sedatis
1211 912 1352 988 animis,

399 1009 521 1075 Calnae
535 1011 719 1074 concilium
727 1012 895 1075 indictum
908 1031 917 1090 ;
940 1012 999 1074 ubi
1013 1030 1091 1076 cum
1105 1011 1142 1074 in
1157 1012 1351 1087 coenaculo,

399 1111 543 1174 absente
564 1117 707 1192 propter
731 1117 870 1174 atatem
895 1129 989 1192 rege,
1014 1109 1271 1174 considentibus
1294 1117 1351 1174 to-

399 1207 469 1273 tius
483 1206 623 1288 Angliae
645 1210 862 1274 senatoribus
884 1228 1011 1291 magno
1033 1208 1197 1273 conflictu
1216 1215 1253 1273 et
1266 1228 1352 1273 con·

400 1308 570 1373 troversia
587 1325 644 1372 res
662 1316 834 1390 ageretur,
853 1315 889 1373 et
904 1307 1153 1373 validissimum
1171 1307 1270 1372 illum
1291 1327 1349 1372 ec·

401 1407 516 1470 clesiae
539 1425 686 1485 murum,
708 1407 932 1472 Dunstanum
953 1407 1043 1485 dico,
1063 1408 1249 1471 multorum
1266 1427 1351 1471 con-

402 1505 566 1570 vitiorum
586 1507 706 1589 jacula
726 1507 944 1588 impeterent,
964 1526 1028 1570 noc
1050 1512 1245 1588 quaterent,
1267 1525 1351 1570 suas

403 1611 520 1687 partes
544 1605 712 1689 cujusque
734 1605 864 1669 ordinis
888 1605 973 1669 viris
994 1624 1128 1669 summo
1151 1604 1266 1669 studio
1294 1604 1353 1668 tu·

403 1704 552 1781 entibus,
575 1705 738 1768 solarium
761 1712 873 1768 totum
898 1712 1039 1786 repente
1061 1723 1139 1767 cum
1167 1705 1292 1767 axibus
1317 1711 1355 1767 et

403 1803 558 1866 trabibus
580 1803 730 1868 dissiluit
754 1811 789 1868 et
810 1803 972 1867 concidit.
1024 1802 1193 1867 Omnibus
1218 1803 1263 1866 ad
1282 1811 1354 1866 ter-

404 1919 478 1963 ram
502 1901 608 1978 elisis,
634 1902 728 1966 solus
757 1903 974 1980 Dunstanus,
996 1907 1094 1966 stans
1119 1921 1224 1984 super
1247 1920 1354 1965 unam

404 2000 537 2062 trabem
560 2020 639 2081 quae
660 2008 834 2084 superstes
848 2008 936 2077 erat,
953 2002 1059 2083 probe
1071 2001 1207 2080 evasit;
1230 2001 1356 2082 reliqui

404 2098 461 2161 vel
487 2101 688 2178 exanimati,
719 2101 776 2164 vel
796 2101 954 2182 perpetui
982 2100 1159 2182 languoris
1190 2100 1356 2180 compede

404 2197 548 2262 detenti.
600 2198 680 2264 Hoc
695 2199 897 2263 miraculum
918 2199 1177 2281 archiepiscopo
1199 2197 1358 2262 exhibuit

405 2315 526 2378 pacem
545 2298 589 2362 de
606 2298 752 2375 clericis,
772 2299 930 2362 omnibus
945 2296 1072 2379 Anglis
1094 2305 1178 2362 tune
1200 2304 1237 2361 et
1257 2297 1355 2360 dein-

405 2414 487 2476 ceps
502 2396 539 2457 in
554 2397 630 2480 ejus
644 2397 851 2461 sententiam
867 2397 1147 2461 concedentibus.

457 2493 566 2576 5162.
604 2495 745 2559 Interea
765 2516 827 2560 rex
851 2494 1042 2560 Edwardus
1064 2495 1206 2560 fratrem
1225 2513 1353 2576 pueru-

404 2593 476 2657 lum
499 2601 534 2657 et
555 2614 740 2658 novercam
761 2596 891 2678 pietate
913 2613 1068 2675 congrua
1090 2594 1214 2670 colere,
1240 2593 1355 2657 solum

406 2711 529 2756 nomen
551 2694 644 2775 regis
666 2694 805 2771 habere,
828 2694 899 2758 illis
918 2699 1044 2757 caetera
1065 2693 1275 2775 permittere,
1290 2712 1354 2773 pa-

405 2799 513 2856 ternae
539 2793 714 2874 religionis
737 2793 887 2874 vestigia
916 2792 1045 2869 rimari,
1074 2793 1173 2856 bonis
1202 2791 1357 2856 consiliis

405 2910 523 2954 aurem
539 2899 575 2955 et
593 2892 746 2956 animum
768 2891 1049 2956 accommodare:
1075 2898 1113 2956 at
1135 2890 1268 2966 mulier,
1291 2911 1355 2954 no-

405 2989 534 3052 vercali
566 2988 647 3052 odio
675 2991 852 3072 vipereum
874 2990 992 3055 dolum
1020 2990 1198 3063 ruminans
1226 2996 1266 3052 ut
1290 3009 1356 3052 nec

406 3105 531 3149 nomen
544 3088 635 3169 regis
649 3087 719 3151 filio
731 3088 878 3165 deesset,
888 3088 1031 3152 insidias
1042 3090 1202 3170 privigno
1210 3094 1357 3164 struere,

405 3203 493 3266 quas
521 3183 587 3248 hoc
603 3185 705 3250 modo
723 3188 986 3268 consummavit.
1029 3187 1160 3252 Lassus
1173 3187 1358 3251 venatione

406 3285 645 3348 revertebatur
670 3293 812 3368 propter
833 3286 987 3350 laborem
1014 3287 1073 3350 siti
1097 3286 1263 3365 anhelus3
1297 3304 1358 3348 co·

406 3383 519 3460 miteS,
535 3404 605 3465 quo
628 3404 798 3468 quemque
820 3405 921 3449 casus
938 3386 1077 3463 tulerat,
1094 3404 1197 3451 canes
1214 3403 1358 3448 consec-

405 3585 487 3634 'l'lrere
505 3599 623 3646 appears,
640 3585 767 3646 however,
788 3588 814 3633 to
836 3585 868 3634 be
918 3581 945 3640 ,²
973 3583 1128 3632 Dominiccm
1156 3583 1286 3646 imaginem
1314 3598 1359 3630 erc-

406 3669 440 3703 no
461 3654 541 3703 doubt
569 3653 624 3702 thet
647 3653 690 3702 the
715 3655 815 3703 couneil
843 3655 872 3703 of
892 3667 973 3714 presse
989 3653 1114 3716 locutum]
1139 3652 1207 3701 Ecce
1226 3653 1357 3702 Dominici

408 3722 488 3772 Calue
499 3737 554 3771 was
565 3723 657 3771 holden
668 3724 695 3770 in
705 3727 764 3784 ets,
776 3722 869 3785 during
895 3723 1006 3784 corporis
1017 3722 1106 3783 forma,
1117 3723 1210 3771 vexillo
1221 3723 1304 3771 erucis
1317 3723 1358 3769 in·

406 3791 450 3840 the
468 3791 513 3839 life
523 3791 553 3840 of
561 3791 691 3840 Eadward
707 3791 748 3839 the
760 3792 868 3853 Mar-tyr.
894 3793 955 3854 fixe,
965 3797 1043 3853 atque
1054 3791 1175 3841 mediocri
1186 3790 1276 3841 domus
1283 3796 1357 3854 parto

407 3860 538 3924 Florence,
548 3860 675 3923 however,
685 3862 786 3922 assigna
804 3863 824 3910 it
843 3866 869 3911 to
893 3861 987 3922 locata,
1003 3861 1126 3910 humanos
1146 3861 1288 3922 exprimens
1304 3875 1358 3909 mo·

407 3930 450 3979 the
463 3945 523 3991 year
534 3934 592 3980 ott.
894 3931 951 3994 dos,
968 3931 1079 3979 omnium
1097 3943 1173 3978 voces
1192 3931 1358 3992 compescuit,

894 4000 996 4049 dicens:
1014 3999 1089 4048 Absit
1100 3999 1152 4060 boc,
1169 4003 1197 4048 ut
1204 3999 1273 4064 flot;
1290 3999 1357 4048 ebrit

444 4066 453 4098 ¹
464 4068 532 4118 Alie
542 4068 622 4117 litere
636 4069 741 4131 doceat]
761 4070 809 4119 See
821 4070 871 4119 Os·
895 4069 946 4130 boc,
957 4069 1049 4133 atfiot.
1086 4069 1194 4118 Osbem.
1205 4069 1246 4118 De
1257 4069 1318 4118 Vita
1329 4069 1358 4119 S.

407 4139 591 4188 nemmem
599 4139 770 4188 &Dunstani.
781 4139 870 4206 (Angl.
896 4139 1032 4189 Dunstani.
1049 4137 1139 4206 (Angl.
1159 4138 1229 4189 Sacr.
1246 4151 1306 4200 pars
1325 4150 1358 4188 11.

407 4209 477 4259 Sacr.
490 4221 592 4269 parsu.
605 4223 631 4268 p.
646 4206 714 4270 112.)
895 4224 921 4269 p.
935 4205 1003 4272 112.)
