3128 4976
367 458 434 522 210
591 472 705 520 ousrn
729 471 856 519 aucun
880 469 1092 519 iuononuu.
1172 455 1260 536 [mn.
1278 473 1318 518 11.

369 633 405 690 ct
433 626 470 689 in
495 632 581 707 toga
614 625 776 689 nobiliter
807 630 1058 700 consummata,
1086 624 1208 706 paucis
1239 631 1321 687 ante

370 726 502 790 obitum
512 725 645 801 diebus,
662 718 799 788 ¹urbcm
814 723 1021 804 Legionum,
1036 723 1163 786 fiducia
1181 723 1322 786 Briton-

371 844 430 888 um
445 823 682 898 rebellantem,
699 842 721 884 a
745 822 965 886 contumacia
989 823 1223 904 compescuit:
1258 822 1322 884 ibi-

372 943 441 1004 que
449 923 611 1005 pracsidio
620 922 769 985 militum
778 921 955 1001 imposito,
964 914 1323 1001 apuleerendunam

372 1021 505 1098 villam,
513 1027 628 1084 tactus
639 1020 849 1095 valetudine,
859 1020 968 1082 vitam
977 1026 1183 1100 praesentem
1194 1013 1322 1098 ³exuit;

373 1127 409 1184 ct
430 1119 621 1196 vintoniae,
648 1126 688 1182 ut
713 1118 874 1200 praedixi,
905 1117 1068 1181 humatus
1095 1126 1158 1182 est.
1211 1117 1323 1194 Tunc,

369 1219 473 1302 jussu
489 1219 600 1300 patris
617 1224 653 1281 et
668 1223 889 1292 testamento,
906 1216 1131 1281 Ethelstanus
1148 1217 1184 1279 in
1207 1237 1323 1298 regem

375 1317 588 1382 acclamatus
615 1323 681 1393 est,
708 1335 812 1397 quem
834 1315 910 1398 jam
941 1315 1140 1378 tricennalis
1172 1323 1259 1378 aetas
1290 1323 1325 1378 et

375 1417 557 1498 sapientiae
588 1415 771 1479 maturitas
802 1415 1100 1477 commendabant.
1164 1413 1257 1476 Nam
1290 1421 1325 1476 et

376 1534 464 1579 avus
481 1513 642 1578 Elfrcdus
664 1532 867 1595 prosperum
883 1513 915 1575 ei
931 1532 1075 1594 regnum
1091 1513 1174 1576 olim
1196 1514 1322 1594 impre-

376 1620 477 1677 catus
494 1614 619 1688 fuerat,
634 1613 757 1676 videns
772 1618 808 1674 et
823 1612 976 1692 gratiose
1000 1612 1203 1694 complexus
1226 1631 1325 1693 spec-

377 1719 461 1775 tatae
495 1711 622 1793 speciei
654 1730 799 1792 puerum
831 1717 866 1772 et
898 1717 1059 1791 gestuum
1091 1711 1324 1792 elegantinm3

375 1802 494 1890 ⁴quem
503 1809 607 1873 etiam
618 1815 827 1890 praemature
842 1808 986 1872 militem
1002 1808 1143 1885 fecerat,
1158 1809 1325 1872 donatum

378 1907 559 1990 chlamyde
583 1907 757 1983 coccinea,
772 1914 946 1987 gemmato
971 1907 1123 1985 baltheo,
1140 1927 1221 1970 ense
1238 1907 1325 1970 Sax-

378 2006 478 2069 onico
503 2025 581 2069 cum
607 2006 737 2086 vagina
763 2024 880 2068 aurea.
948 2004 1036 2069 Post
1064 2005 1138 2069 haec
1163 2007 1200 2069 in
1231 2006 1328 2068 ouria

378 2104 459 2168 filiae
484 2103 687 2168 Ethelfledae
714 2111 749 2167 et
775 2104 894 2184 generi
922 2102 1084 2167 Etheredi
1110 2104 1327 2168 educandum

378 2210 581 2282 curaverat3
604 2203 664 2267 ubi
679 2202 789 2265 multo
805 2203 921 2265 studio
944 2203 1060 2265 amitae
1076 2209 1112 2266 et
1134 2203 1326 2285 praeclaris-

378 2302 456 2365 simi
478 2302 576 2365 ducis
595 2301 640 2364 ad
657 2320 757 2364 omen
774 2302 872 2382 regni
890 2300 995 2377 altuS,
1021 2301 1134 2382 gloria
1156 2302 1324 2366 virtutum

377 2400 528 2463 calcavit
544 2407 579 2462 et
594 2400 721 2481 pressit
742 2399 921 2475 invidiam,
946 2406 1026 2481 post
1049 2407 1194 2462 mortem
1217 2401 1327 2481 patris

378 2504 413 2560 ct
439 2499 616 2561 interitum
644 2498 761 2561 fratris
783 2499 819 2561 in
844 2517 961 2578 regem
989 2499 1082 2579 apud
1106 2498 1326 2580 Kingestune

378 2608 576 2661 coronatus.
645 2596 747 2660 Unde
784 2616 848 2679 pro
887 2603 1063 2660 tantorum
1104 2617 1327 2662 successuum

378 2695 504 2776 gloria,
526 2703 561 2759 et
582 2695 677 2759 illius
702 2696 770 2759 diei
792 2697 928 2773 laetitia,
943 2693 1031 2780 (non
1047 2693 1205 2781 injuria,)
1221 2695 1328 2760 versi·

379 2794 466 2857 ficus
481 2795 674 2858 exclamat:

402 2945 412 2973 ‘
429 2939 544 3021 Regia
557 2941 741 3022 progenies
757 2941 923 3022 produxit
938 2940 1053 3004 nobile
1068 2946 1215 3004 stemma
1263 2939 1268 2948 ‘

430 3038 520 3102 Cum
536 3039 686 3103 tenebris
703 3039 831 3102 nostris
847 3039 965 3103 illuxit
978 3038 1158 3121 splendida
1173 3058 1320 3120 gemma,

430 3136 584 3216 Magnus
600 3135 826 3216 adelstanus,
839 3139 962 3218 patriae
980 3138 1096 3214 decus,
1108 3139 1222 3200 orbita
1232 3138 1329 3215 recti,

431 3234 583 3298 Illustris
599 3237 755 3317 probitas
772 3235 815 3298 de
831 3256 914 3299 vero
929 3237 1046 3300 nescia
1063 3235 1166 3300 flecti.

430 3331 487 3396 Ad
512 3335 623 3415 patris
644 3335 796 3399 edictum
812 3335 915 3398 datus
940 3336 976 3398 in
1000 3335 1208 3398 documenta
1228 3334 1327 3397 scho-

530 3433 654 3510 larum,
1328 3508 1330 3514 Ι

430 3530 605 3595 Extimuit
620 3532 751 3613 rigidos
767 3532 879 3596 ferula
895 3531 1087 3614 crepitante
1103 3532 1290 3612 magistros
1304 3552 1313 3610 ;

415 3795 424 3826 ¹
440 3797 529 3846 Urbem
539 3798 695 3862 beginarum]
714 3799 830 3849 chester.
868 3799 950 3848 sidere
961 3799 1016 3848 that
1026 3797 1077 3847 this
1093 3811 1204 3860 passage
1220 3799 1294 3846 tenda
1305 3803 1331 3847 to

415 3863 627 3936 ‘FerenduaamJ
654 3868 687 3918 A.
710 3870 758 3929 0.;
783 3869 843 3916 Fer·
868 3882 945 3930 prove
968 3868 1011 3916 the
1033 3869 1161 3917 existence
1179 3868 1209 3916 of
1227 3867 1332 3929 knights

380 3935 483 3998 dimam,
495 3937 530 3986 D.
543 3937 575 3986 E.
588 3938 620 3987 L.
631 3938 671 3986 M.
868 3952 897 3986 as
919 3952 936 3986 a
958 3937 1063 3985 distinct
1083 3937 1158 3985 order
1179 3951 1271 3998 among
1287 3937 1330 3984 the

414 4003 541 4069 ³Eaait.]
560 4007 607 4068 ἃς
623 4008 713 4068 exivit,
724 4004 758 4055 A.
768 4007 799 4056 C.
808 4007 843 4055 D.
868 4007 982 4066 Saxona;
1001 4005 1098 4066 though
1113 4005 1222 4066 perhaps
1236 4007 1257 4053 it
1270 4020 1331 4066 may

380 4075 412 4121 E.
425 4075 456 4123 L.
469 4076 508 4125 M.
868 4079 972 4124 amount
994 4080 1020 4122 to
1042 4074 1147 4136 nothing
1173 4089 1241 4124 more
1268 4074 1330 4122 thau

415 4140 601 4200 ⁴,Quemetinm
614 4147 761 4206 promotore
778 4144 845 4192 miii·
869 4145 911 4194 the
940 4143 1081 4204 bestowing
1106 4143 1146 4190 his
1180 4145 1234 4193 first
1263 4159 1329 4192 arms

380 4215 428 4257 tem
443 4213 561 4274 fecerat]
590 4214 641 4261 ΜΓ.
665 4213 764 4272 Shnrpe
787 4228 845 4262 con·
870 4227 938 4274 upon
949 4213 1010 4261 him.
