3112 4968
411 507 478 572 348
632 523 745 572 essm
769 523 896 572 nnouu
920 524 1135 572 suetonum
1220 510 1365 589 [marr.

411 681 470 744 bet
491 680 696 757 examinari,
722 686 762 743 ut
784 699 824 744 eo
840 687 963 760 vergat
979 679 1064 744 facti
1081 653 1251 762 judiciuin
1270 680 1364 743 unde

411 781 581 861 processit
614 779 762 844 faciendi
794 779 1010 843 consilium.”
1078 780 1197 843 Fallor
1227 779 1257 842 si
1290 800 1362 843 non

412 879 502 942 idem
518 879 660 944 Veritas
683 880 779 955 dicit,
800 879 872 942 “si
899 879 1019 943 oculus
1044 885 1125 942 tuus
1148 878 1252 943 fuerit
1278 880 1361 942 sim-

411 978 506 1060 plex,
530 986 641 1043 totum
666 998 792 1061 corpus
817 985 914 1042 tuum
940 978 1091 1042 lucidum
1115 980 1200 1058 erit3
1224 980 1255 1042 si
1276 999 1360 1043 vero

411 1097 559 1160 nequam
583 1077 698 1156 firerit,
723 1086 835 1142 totum
865 1098 989 1161 corpus
1013 1085 1111 1141 tuum
1140 1080 1360 1142 tenebrosum

411 1178 512 1242 erit.''
564 1171 712 1243 ¹Crebro
738 1198 793 1242 me
816 1177 1021 1241 miserabilis
1043 1178 1205 1242 convenit
1228 1197 1359 1259 egenus

411 1285 450 1341 ut
465 1277 541 1361 ejus
557 1278 707 1342 levarem
724 1279 898 1360 inopiam3
915 1297 994 1359 ego,
1008 1275 1200 1340 futurorum
1216 1277 1359 1356 insciae,

411 1397 481 1440 non
505 1378 622 1455 abnui,
646 1379 705 1442 sed
730 1377 876 1442 diversis
905 1378 1052 1441 monetis
1078 1384 1277 1441 onustatum
1306 1378 1359 1441 di-

410 1476 500 1541 misi.
552 1477 744 1542 Discedens
759 1477 818 1540 ille
835 1477 872 1539 in
886 1477 1025 1558 publico
1044 1496 1171 1558 aggere
1185 1477 1358 1542 latronem

410 1576 572 1656 offendit3
598 1579 761 1641 incautus
785 1595 864 1640 cum
890 1596 931 1640 eo
957 1595 1148 1640 sermonem
1170 1578 1357 1654 conseruit,

409 1677 602 1758 praedicans
628 1678 719 1741 sedis
741 1676 942 1759 apostolicae
962 1676 1225 1758 indulgentiam,
1248 1683 1294 1754 et,
1316 1684 1358 1740 ut

410 1776 512 1839 fidem
543 1776 713 1840 dictorum
748 1777 922 1858 probaret,
956 1777 1168 1858 marsupium
1198 1776 1356 1858 protulit.

411 1874 556 1938 Interim
582 1876 664 1938 dum
687 1878 767 1952 itur,
795 1875 972 1957 multaque
999 1875 1276 1939 confabulatione
1298 1877 1359 1940 via

408 1974 552 2052 fallitur,
567 1975 707 2039 dolosus
733 1975 804 2053 ille,
817 1975 995 2058 paulisper
1013 1983 1216 2052 remoratus
1234 1983 1357 2058 caput·

410 2093 478 2155 que
500 2075 673 2157 peregrini
697 2075 798 2138 clava
821 2094 925 2157 quam
947 2075 1079 2138 ferebat
1101 2074 1269 2157 affligens
1292 2097 1356 2140 nec

409 2193 507 2238 mora
532 2175 704 2253 extinxit3
736 2175 976 2257 subreptisque
999 2174 1160 2251 denariis
1186 2175 1354 2256 gloriatus

408 2280 462 2337 est
484 2275 527 2338 de
549 2274 735 2339 homicidio
761 2274 854 2356 quod
877 2282 1097 2356 persuaserat
1116 2276 1271 2356 pecuniae
1294 2295 1354 2338 cu·

406 2373 500 2454 pido.
551 2368 733 2457 ²Nunquid
755 2393 839 2456 ergo
856 2374 914 2436 'me
937 2373 1018 2437 inde
1035 2382 1127 2438 recte
1140 2373 1357 2457 judicabitis,

406 2465 465 2553 qui
488 2475 671 2556 peregrino
692 2474 852 2537 dederam
872 2473 963 2536 unde
993 2493 1134 2538 causam
1159 2475 1279 2538 mortis
1300 2475 1354 2537 in-

408 2576 588 2637 curreret?
642 2573 766 2655 Neque
786 2574 876 2636 enim
892 2573 963 2650 ille,
979 2575 1136 2654 quamvis
1159 2573 1354 2654 crudelissi7

407 2685 497 2750 mus,
523 2673 696 2737 hominem
729 2665 958 2756 pessundaret
987 2673 1054 2736 nisi
1082 2673 1193 2737 avidis
1221 2674 1352 2737 sinibus

406 2790 565 2835 nummos
588 2772 747 2837 infarcire
770 2779 936 2856 speraret.
989 2771 1083 2850 Quid
1107 2773 1217 2836 dicam
1238 2773 1280 2837 de
1302 2773 1352 2837 le·

406 2872 507 2951 gibus
522 2872 714 2937 forensibus
728 2879 762 2936 et
779 2871 1045 2937 ecclesiasticisl
1098 2872 1225 2936 Nonne
1244 2872 1281 2936 in
1303 2874 1353 2936 eis

406 2989 513 3033 unum
536 2972 696 3053 idemque
712 2972 854 3050 sactum,
876 2972 1012 3035 diverso
1034 2979 1205 3054 respectu,
1231 2979 1266 3036 et
1286 2992 1351 3055 pu-

407 3069 502 3132 nitur
533 3077 568 3134 et
589 3071 777 3134 laudaturi
801 3071 1086 3135 animadvertitur
1114 3073 1151 3135 in
1180 3073 1352 3136 latronem

404 3168 496 3248 quod
518 3169 680 3233 occiderit
701 3169 873 3233 hominem
897 3172 933 3234 in
956 3171 1104 3248 occulto,
1127 3173 1294 3254 probatur
1314 3173 1351 3234 in

405 3268 513 3332 milite
541 3269 571 3332 si
601 3268 729 3333 fuderit
752 3269 888 3334 hostem
917 3271 954 3332 in
983 3271 1096 3350 bello;
1129 3273 1181 3334 ita
1208 3271 1350 3334 homici-

404 3367 498 3432 dium
522 3368 614 3432 etin
636 3370 706 3433 ἰΙΙσ
720 3369 949 3453 vituperabile
972 3376 1006 3433 ct
1028 3371 1064 3433 in
1086 3371 1155 3434 isto
1176 3371 1350 3434 laudabile

404 3475 574 3546 censetur,
584 3471 666 3550 quia
681 3470 748 3533 iste
761 3490 824 3552 pro
840 3471 952 3533 salute
963 3471 1098 3551 patriae,
1112 3471 1170 3534 ille
1187 3471 1350 3534 occiderit

403 3587 467 3650 pro
487 3569 664 3633 aviditatis
683 3569 847 3650 ingluvie.
901 3568 1080 3633 Laudatus
1096 3577 1150 3634 est
1163 3570 1245 3634 olim
1259 3591 1349 3652 prae-

402 3668 558 3733 dicandae
580 3668 752 3732 memoriae
774 3668 1007 3750 praedecessor
1032 3677 1150 3733 noster
1172 3668 1349 3734 Adrianus

401 3768 533 3850 prims
574 3768 666 3850 quod
700 3767 926 3832 investituras
962 3768 1184 3832 eeclesiarum
1216 3768 1350 3834 Karolo

401 3867 535 3951 Magno
558 3868 778 3945 concesserit,
800 3869 851 3931 ita
873 3875 913 3931 ut
934 3868 1049 3932 nullus
1079 3869 1208 3933 electus
1229 3887 1349 3933 conse-

435 4153 444 4184 ¹
465 4154 577 4218 Crebra]
603 4153 636 4203 A.
655 4154 684 4204 S.
704 4154 740 4204 D.
759 4151 792 4202 E.
812 4153 860 4214 L.;
879 4152 1034 4215 judicabitis,
1056 4153 1099 4216 qai
1124 4154 1253 4216 peregrino
1279 4156 1351 4204 dede-

398 4230 465 4274 certe
476 4226 573 4285 crebro,
584 4224 613 4273 S.
884 4237 938 4270 rum
949 4225 1011 4272 unde
1025 4238 1122 4272 suanm
1140 4223 1226 4274 mortis
1240 4225 1349 4274 incur-re-

433 4293 573 4358 'quuid
591 4309 649 4355 ergo
666 4307 703 4341 me
722 4292 778 4342 inde
795 4297 859 4342 recte
884 4293 944 4356 ret]
962 4293 1076 4343 Omitted
1088 4294 1114 4343 in
1128 4295 1181 4344 Cl.

1534 39 1538 284 l
