3128 4976
228 471 374 551 mnu]
456 485 570 533 ossus
593 483 720 531 nncuu
744 477 957 534 nucnosuu.
1115 464 1180 529 221

230 653 320 707 tram
337 643 513 706 licentiam
536 660 614 704 cum
637 639 837 720 corporibus
859 645 1047 719 poneretur
1060 637 1181 702 Chris*

232 745 428 821 tianorum3
452 759 596 822 nosque,
614 739 752 801 illorum
770 736 1011 816 efflagitationi
1034 756 1179 800 consena

231 843 371 918 tienteS,
391 841 541 905 Romam
558 838 764 913 remisimus,
782 842 817 898 et
835 836 1070 898 consentiente
1087 855 1181 918 papa

232 941 368 1024 positus
387 947 441 1003 est
467 939 511 1002 ad
532 945 677 1002 caeteros
699 935 929 1011 Christianos,
951 935 1110 1016 quamvis
1127 935 1180 998 in-

232 1041 370 1121 dignus.
424 1038 471 1101 Et
488 1039 538 1101 sic
557 1036 716 1120 judicata
737 1040 791 1098 est
810 1033 894 1095 mihi
916 1041 992 1096 tota
1006 1034 1181 1115 possessio

233 1140 309 1222 ejus
323 1140 360 1201 in
376 1137 513 1218 magnis
531 1143 567 1200 et
583 1134 737 1198 modicis.
790 1132 858 1194 Sed
881 1139 916 1195 et
933 1131 1008 1195 haec
1026 1133 1182 1215 apicibus

232 1238 411 1302 literarum
438 1234 720 1319 praenotavimus,
747 1251 803 1308 ne,
826 1231 990 1313 quamdiu
1014 1231 1182 1296 Christia-

233 1339 326 1400 nitas
339 1341 474 1416 regnat,
486 1332 677 1396 aboleatur.
721 1330 824 1394 Unde
836 1329 921 1393 mihi
936 1330 1083 1412 praefata
1102 1350 1183 1412 pos-

235 1437 357 1511 sessio,
372 1453 476 1516 quam
494 1434 572 1497 Deo
588 1438 624 1495 et
637 1436 758 1493 sancto
773 1428 880 1491 Petro
895 1429 985 1505 dedi,
1011 1429 1161 1492 donatur
1174 1449 1182 1507 ;

236 1554 299 1598 nec
311 1534 443 1617 justius
460 1531 542 1596 novi
559 1550 663 1613 quam
681 1530 759 1593 Deo
773 1535 809 1592 et
825 1536 947 1591 sancto
965 1527 1071 1591 Petro
1095 1528 1184 1591 hanc

236 1633 490 1716 possessionem
515 1631 610 1706 dare,
634 1630 695 1710 qui
722 1627 884 1691 aemulum
906 1647 1020 1689 meum
1042 1628 1079 1689 in
1100 1647 1183 1691 con-

236 1739 358 1815 spectu
370 1731 522 1794 omnium
540 1729 663 1792 cadere
680 1727 847 1802 fecerunt,
861 1733 896 1788 et
910 1726 994 1788 mihi
1009 1727 1183 1808 prosperi-

238 1839 345 1894 tatem
362 1830 461 1911 regni
475 1830 594 1910 largiti
610 1827 714 1891 sunt!

290 1928 398 2013 5138.
423 1928 467 1990 In
485 1928 539 1990 his
556 1928 670 1991 verbis
692 1925 784 2006 regis
808 1922 1028 2005 sapientiam,
1053 1931 1089 1987 et
1111 1924 1185 2005 pie-

238 2036 346 2092 tatem
380 2028 456 2111 ejus
487 2027 524 2089 in
555 2026 624 2090 Dei
656 2027 772 2101 rebuS,
806 2024 982 2106 suspicere
1012 2043 1076 2105 par
1109 2030 1184 2086 est:

239 2128 457 2210 sapientiam,
489 2126 582 2207 quod
608 2125 910 2198 animadverteret,
932 2122 1073 2205 juvenis
1097 2142 1186 2203 prae·

240 2227 371 2301 sertim,
389 2244 458 2289 non
475 2242 550 2286 esse
566 2223 644 2286 Deo
666 2222 858 2303 gratiosum
880 2220 923 2283 de
945 2221 1068 2301 rapina
1090 2220 1186 2283 holo-

241 2331 421 2402 caustum;
445 2323 622 2405 pietatem,
645 2320 737 2402 quod
754 2339 891 2395 munus,
914 2318 1046 2382 ultione
1069 2317 1187 2382 divina

239 2424 416 2499 collatum,
445 2422 522 2485 Deo
547 2421 764 2502 potissimum
790 2439 859 2482 non
883 2418 1043 2498 ingratus
1065 2437 1188 2500 repen·

241 2523 349 2586 deret.
402 2520 581 2583 Praeterea
598 2519 701 2583 datur
719 2515 1075 2592 animadvertendum,
1098 2517 1189 2597 quod

243 2630 325 2684 tunc
365 2620 511 2683 basilica
545 2619 659 2681 sancti
695 2616 793 2679 Petri
830 2614 996 2697 primaria
1031 2616 1189 2678 coenobio

244 2720 360 2796 suerit,
377 2739 456 2801 quae
482 2737 572 2780 nunc
597 2718 634 2780 in
658 2714 818 2779 secundis
844 2712 1011 2791 habetur3
1044 2713 1191 2777 ecclesia

241 2821 353 2882 beatae
369 2817 507 2893 Mariae,
530 2834 634 2898 quam
657 2813 817 2877 monachi
838 2812 941 2876 modo
958 2812 1191 2893 frequentant,

244 2925 366 3000 postea
387 2917 480 2998 regis
504 2915 635 2996 Edgari
657 2915 777 2977 diebus
805 2913 869 2974 sub
903 2912 1028 2974 abbate
1062 2911 1192 2975 Elfrico

244 3011 445 3080 ¹aedificata.
498 3014 544 3078 Et
567 3014 642 3078 hacc
657 3012 795 3094 quidem
810 3011 877 3074 fide
893 3012 1030 3096 integra
1052 3009 1095 3073 de
1112 3030 1193 3092 rege

277 3270 705 3336 ¹AEaptcata.]s.s.D.E.L.M.;
730 3274 756 3319 et
779 3271 806 3317 in
828 3269 944 3318 omnibus
969 3270 1047 3332 hujus
1074 3271 1193 3331 temporis

245 3340 705 3401 after‘aedificata,’c.reads‘Cujus
730 3339 833 3400 regibus
860 3339 965 3388 terrenis
992 3340 1090 3388 famosa
1115 3340 1193 3388 laude

246 3417 330 3459 autem
341 3411 466 3470 opinionis
478 3409 555 3457 luerit
566 3408 635 3469 apud
644 3409 707 3458 Gal·
731 3407 972 3468 praecellentissime,
988 3423 1034 3455 rex
1045 3409 1194 3470 Adelstane,

245 3479 294 3540 los,
310 3484 364 3526 tum
381 3481 408 3526 in
426 3478 486 3526 belli
506 3478 641 3526 sudoribus
652 3482 705 3524 tum
731 3477 828 3524 noverit
849 3477 942 3535 optime
964 3477 1056 3538 pietas,
1077 3483 1193 3526 manente

247 3549 274 3595 in
286 3548 430 3597 Christiano
442 3546 524 3607 cultu,
540 3561 590 3594 non
601 3560 707 3606 parvum
732 3545 815 3593 adhuc
827 3546 964 3593 stabilitate
976 3550 1067 3594 nostrae
1074 3547 1195 3607 regionis,

246 3617 355 3677 epistola
371 3631 447 3677 quam
465 3616 572 3676 subjicio
590 3615 651 3663 facit
669 3616 708 3662 in·
732 3614 800 3674 quod
829 3619 902 3674 pater
930 3619 1013 3662 vester
1037 3614 1193 3664 Eduuardus

246 3687 350 3734 dicium.
386 3685 522 3734 “Summae
532 3687 558 3733 et
568 3683 707 3732 individuae
732 3697 778 3742 per
795 3682 882 3731 literas
898 3697 925 3731 se
941 3685 1125 3733 commendavit
1136 3700 1195 3733 con-

247 3755 377 3802 Trinitatis
411 3755 514 3814 honore,
547 3753 708 3813 omniumque
733 3752 809 3800 sortio
831 3752 995 3801 fraternitatis
1016 3754 1097 3802 sancti
1124 3754 1195 3802 Sam·

247 3829 390 3872 sanctorum
417 3822 649 3884 praecellentissima
671 3822 709 3869 in·
733 3822 801 3870 sonis
813 3823 904 3870 summi
915 3822 1074 3885 confessoris,
1086 3838 1115 3871 ac
1128 3824 1195 3872 Leu-

247 3893 408 3951 tercessione,
423 3893 531 3954 glorioso
549 3895 574 3939 et
592 3892 709 3938 munifico
733 3892 808 3938 enani
829 3891 1014 3951 archiepiscopi
1036 3894 1141 3941 senioris
1163 3908 1194 3943 ac

248 3963 303 4023 regi
315 3961 472 4021 Ethelstano‚
480 3961 607 4010 samsonis
619 3960 710 4008 summi
734 3960 876 4008 consobrini
906 3961 964 4021 mei,
991 3975 1020 4008 ac
1047 3963 1195 4010 clericorum

248 4032 373 4091 pontificis
384 4031 579 4093 egoRohbodus
590 4030 711 4090 praeposi·
734 4031 799 4089 ejus.
835 4029 910 4076 Unde
929 4043 1011 4090 usque
1029 4029 1104 4079 hodie
1126 4027 1197 4080 inde-

248 4105 299 4161 tus,
310 4102 385 4149 istius
396 4101 476 4149 seculi
487 4100 592 4161 gloriam
603 4102 629 4146 et
640 4103 711 4146 aeter·
735 4098 816 4146 fessas
828 4098 894 4159 Regi
905 4097 1008 4147 Christo
1018 4114 1064 4161 pro
1076 4102 1131 4161 ejus
1143 4102 1198 4149 ani·

247 4171 274 4217 ni
296 4170 487 4218 beatitudinem.
542 4168 711 4229 Benignitatis
735 4181 783 4216 mae
803 4167 895 4228 salute,
913 4171 939 4214 et
950 4183 995 4229 pro
1011 4169 1093 4217 salute
1104 4174 1198 4231 vestra,

248 4254 278 4286 ac
291 4239 453 4288 sublimitatis
470 4242 570 4299 vestrae,
587 4238 710 4299 piissime,
734 4236 864 4285 fundimus
871 4238 1054 4298 preces3etdie
1063 4243 1199 4301 noctuque,
