3162 4972
252 471 319 518 cm.
337 455 379 534 1.]
476 471 590 518 cnsrn
614 469 741 519 nacon
766 461 977 542 Ancdonun.
1142 456 1207 521 129

252 627 572 713 Longobardorum,
598 638 633 695 et
663 631 829 713 patricius
858 631 1106 707 Romanorum,
1129 631 1204 696 viro

251 731 449 796 venerando
465 738 500 795 et
513 730 612 795 fratri
621 730 797 794 carissimo
808 730 896 794 Offae
911 732 984 812 regi
994 731 1205 808 Marciorum

250 831 408 895 salutem.
461 830 580 894 Primo
591 831 722 912 gratias
734 832 868 912 agimus
883 830 1111 913 omnipotenti
1126 830 1203 894 Deo

251 931 293 994 de
309 930 490 995 catholicae
504 927 584 994 fidei
600 931 798 996 sinceritate
812 951 916 1014 quam
932 932 969 994 in
984 931 1110 995 vestris
1126 931 1203 995 lau-

250 1031 412 1095 dabiliter
434 1031 571 1113 paginis
594 1031 783 1113 reperimus
812 1038 1002 1096 exaratam.
1062 1031 1118 1094 De
1141 1051 1201 1112 pe-

252 1131 397 1212 regrinis
412 1150 507 1208 vero,
530 1131 601 1213 qui,
623 1151 686 1213 pro
706 1150 822 1195 amore
839 1131 907 1195 Dei
931 1138 966 1195 et
990 1129 1102 1195 salute
1125 1131 1200 1193 ani-

250 1251 382 1294 marum
415 1250 568 1309 suarum,
598 1231 777 1294 beatorum
809 1231 1043 1314 apostolorum
1081 1230 1201 1293 limina

250 1331 446 1394 desiderant
466 1330 574 1408 adire,
597 1350 782 1413 cumpace
804 1332 880 1413 sine
900 1331 994 1394 omni
1018 1331 1200 1413 perturba-

252 1431 344 1494 tione
365 1430 518 1511 vadant3
541 1431 602 1494 sed
630 1431 661 1494 si
683 1431 802 1513 aliqui,
825 1451 895 1494 non
916 1430 1075 1512 religioni
1092 1431 1199 1495 servi-

251 1539 360 1608 entes,
376 1530 436 1595 sed
452 1530 549 1595 lucra
567 1537 753 1607 sectantes,
775 1531 996 1594 inveniantur
1016 1530 1107 1593 inter
1128 1550 1200 1607 eoo,

251 1630 336 1694 locis
358 1632 561 1714 opportunis
587 1637 720 1695 statuta
747 1623 884 1694 solvant
910 1629 1072 1694 thelonia.
1126 1629 1198 1694 Ne-

183 1772 186 1778 ·
252 1731 442 1812 gotiatores
458 1750 595 1815 quoque
611 1731 783 1808 volumus,
804 1737 844 1794 ut
864 1749 909 1794 ex
932 1728 1096 1793 mandato
1119 1749 1201 1793 nos-

252 1837 304 1894 tro
329 1830 559 1913 patrocinium
585 1829 737 1894 habeant
763 1831 800 1894 in
829 1849 938 1912 regno
965 1836 1085 1893 nostro
1112 1828 1202 1910 legi-

252 1930 354 2010 time;
379 1938 414 1994 et
429 1930 459 1994 si
475 1929 511 1993 in
526 1931 642 2012 aliquo
664 1931 741 1994 loco
764 1929 896 2013 injusta
912 1927 1111 2011 affligantur
1136 1949 1201 2010 op·

251 2029 441 2110 pressione,
464 2031 651 2094 reclament
675 2049 712 2092 se
741 2030 786 2092 ad
815 2048 878 2092 nos
902 2029 959 2094 vel
983 2035 1122 2092 nostros
1140 2027 1204 2112 ju·.

250 2129 355 2207 dices,
371 2136 406 2195 et
419 2130 556 2213 plenam
568 2129 766 2213 jubebimus
784 2128 957 2212 justitiam
970 2127 1054 2191 fieri.
1108 2127 1202 2209 Cog-

250 2236 372 2293 noscat
395 2249 531 2313 quoque
552 2229 689 2292 dilectio
705 2234 834 2305 vestra,
854 2228 946 2310 quod
968 2227 1119 2310 aliquam
1142 2229 1202 2291 be-

253 2328 457 2410 nignitatem
484 2330 527 2394 de
554 2327 747 2392 dalmaticis
774 2328 903 2392 nostris
928 2326 984 2393 vel
1011 2326 1125 2410 palliis
1156 2327 1200 2390 ad

249 2427 405 2510 singulas
419 2428 518 2493 sedes
529 2428 743 2511 episcopales
760 2427 860 2509 regni
874 2426 982 2492 vestri
994 2426 1050 2490 vel
1067 2421 1201 2490 ¹Ethel-

252 2528 324 2592 redi
345 2529 533 2592 direximus
552 2529 589 2592 in
610 2527 851 2592 eleemosinam
869 2525 998 2590 domini
1017 2526 1200 2608 apostolici

256 2625 410 2706 Adriani,
426 2629 651 2712 deprecantes
667 2633 707 2692 ut
721 2646 784 2709 pro
796 2646 837 2690 eo
848 2625 1013 2689 intercedi
1023 2625 1177 2709 jubeatis
1190 2642 1199 2704 ;

251 2728 380 2792 nullam
394 2729 560 2793 habentes
576 2727 825 2791 dubitationem
839 2725 977 2788 beatam
999 2724 1092 2788 illius
1106 2718 1200 2787 ²ani-

236 2847 345 2892 'mam
367 2829 403 2893 in
425 2829 542 2912 requie
564 2847 652 2905 esse,
670 2828 730 2891 sed
754 2832 794 2891 ut
818 2825 919 2888 fidem
934 2832 969 2889 et
984 2824 1201 2889 dilectionem

75 3008 81 3018 Ι
251 2928 473 2992 ostendamus
499 2928 536 2991 in
560 2928 707 2992 amioum
735 2926 834 2990 nobis
857 2925 1080 2989 carissimum.
1134 2923 1201 2988 Sed

144 3064 147 3070 ·
243 3019 285 3091 'et
311 3027 353 3091 de
378 3027 541 3093 thesauro
563 3028 792 3092 humanarum
815 3045 941 3103 rerum,
961 3045 1062 3107 quem
1079 3024 1201 3088 Domi-

250 3147 315 3190 nus
330 3127 354 3192 J
356 3148 434 3192 esus
450 3129 549 3192 nobis
565 3128 719 3210 gratuita
733 3126 863 3209 pietate
878 3125 1060 3202 concessit,
1072 3122 1201 3206 aliquid

248 3246 311 3309 per
336 3229 620 3312 metropolitanas
649 3227 808 3291 civitates
840 3221 1050 3305 direximus3
1074 3231 1201 3288 vestrae
1306 3264 1309 3269 -

251 3347 387 3410 quoque
409 3328 585 3392 dilectioni
610 3347 716 3390 unum
737 3324 913 3389 baltheum
938 3331 974 3388 et
995 3344 1100 3388 unum
1126 3323 1201 3404 gla-

249 3427 343 3490 dium
360 3427 569 3505 Huniscum,
584 3434 620 3490 et
633 3426 701 3489 duo
715 3424 822 3507 pallia
836 3423 969 3487 serica!

302 3527 387 3608 §94
412 3526 502 3590 Haec
517 3525 694 3590 saltuatim
711 3524 817 3589 verba
830 3521 986 3602 epistolae
1002 3520 1200 3600 decerpens
1214 3543 1318 3632 {⁰5³de

249 3625 374 3688 iccirco
404 3626 562 3708 apposui,
598 3631 638 3689 nt
665 3621 814 3706 posteris
845 3621 1016 3684 elucescat
1051 3619 1202 3682 amicitia
1235 3621 1269 3631 ''
1318 3621 1323 3631 ‘

253 3722 341 3787 Offae
371 3730 406 3788 et
423 3724 569 3803 Karoli3
599 3723 698 3807 cujus
720 3720 956 3786 familiaritate
979 3719 1099 3796 sretuS,
1121 3718 1202 3782 licet

251 3824 437 3888 multorum
461 3825 687 3906 impeteretur
710 3821 801 3898 odio,
829 3820 921 3885 dulci
949 3829 1065 3884 tamen
1094 3819 1202 3883 vitam

249 3925 463 4006 consumpsit
475 3923 558 4000 otio,
568 3931 604 3987 et
617 3917 817 4004 ³Egsertum
828 3920 946 3996 filium,
959 3925 1040 3983 ante
1056 3924 1202 3981 mortem

285 4126 293 4157 ¹
305 4127 455 4190 Etbclredi]
473 4125 621 4187 Aethelred‚
629 4140 658 4174 or
665 4125 716 4173 Ae·
776 4120 786 4150 ⁹
797 4121 912 4172 daturam
923 4121 950 4170 ia
961 4118 1125 4183 recalceate]
1150 4118 1204 4166 Ad·

248 4197 384 4259 thelberht,
403 4197 432 4246 of
448 4196 634 4246 Northumbria
655 4194 715 4242 died
741 4195 797 4242 rien
808 4193 869 4242 died
879 4191 940 4241 aeth
952 4189 1094 4239 December
1104 4191 1178 4237 795.-

169 4293 170 4296 ¹
250 4268 309 4317 loth
322 4268 398 4328 April
409 4271 469 4318 ⁷96.
714 4287 717 4292 ·
778 4260 1204 4326 ³Egsertnmfllium,calemortem

1031 4353 1052 4396 K
