<?xml version="1.0" encoding="UTF-8"?>
<!DOCTYPE html PUBLIC "-//W3C//DTD XHTML 1.0 Transitional//EN"
    "http://www.w3.org/TR/xhtml1/DTD/xhtml1-transitional.dtd">
<html xmlns="http://www.w3.org/1999/xhtml" xml:lang="en" lang="en">
 <head>
  <title>
</title>
<meta http-equiv="Content-Type" content="text/html;charset=utf-8" />
  <meta name='ocr-system' content='tesseract 3.04.00' />
  <meta name='ocr-capabilities' content='ocr_page ocr_carea ocr_par ocr_line ocrx_word'/>
</head>
<body>
  <div class='ocr_page' id='page_1' title='image "./willelmimalmesb00willgoog_0019.png"; bbox 0 0 3106 4974; ppageno 0'>
   <div class='ocr_carea' id='block_1_1' title="bbox 595 477 1164 540">
    <p class='ocr_par' dir='ltr' id='par_1_1' title="bbox 595 477 1164 540">
     <span class='ocr_line' id='line_1_1' title="bbox 595 477 1164 540; baseline 0.014 -8"><span class='ocrx_word' id='word_1_1' title='bbox 595 488 788 535; x_wconf 74' lang='lat' dir='ltr'>pannosus.</span> <span class='ocrx_word' id='word_1_2' title='bbox 1141 477 1164 540; x_wconf 85' lang='lat'><strong>3</strong></span> 
     </span>
    </p>
   </div>
   <div class='ocr_carea' id='block_1_2' title="bbox 134 637 1162 2618">
    <p class='ocr_par' dir='ltr' id='par_1_2' title="bbox 204 637 1162 1319">
     <span class='ocr_line' id='line_1_2' title="bbox 212 637 1162 729; baseline 0.012 -30"><span class='ocrx_word' id='word_1_3' title='bbox 212 637 272 702; x_wconf 89' lang='lat' dir='ltr'>nia</span> <span class='ocrx_word' id='word_1_4' title='bbox 306 638 506 723; x_wconf 82' lang='lat' dir='ltr'>singillatim</span> <span class='ocrx_word' id='word_1_5' title='bbox 535 642 583 729; x_wconf 89' lang='lat' dir='ltr'>(si</span> <span class='ocrx_word' id='word_1_6' title='bbox 614 644 679 707; x_wconf 89' lang='lat' dir='ltr'>erit</span> <span class='ocrx_word' id='word_1_7' title='bbox 707 641 834 728; x_wconf 85' lang='lat' dir='ltr'>otium)</span> <span class='ocrx_word' id='word_1_8' title='bbox 864 647 1023 728; x_wconf 84' lang='lat' dir='ltr'>persequi</span> <span class='ocrx_word' id='word_1_9' title='bbox 1055 647 1162 710; x_wconf 87' lang='lat' dir='ltr'>medi-</span> 
     </span>
     <span class='ocr_line' id='line_1_3' title="bbox 210 743 1160 826; baseline 0.012 -27"><span class='ocrx_word' id='word_1_10' title='bbox 210 743 345 819; x_wconf 90' lang='lat' dir='ltr'>tamur;</span> <span class='ocrx_word' id='word_1_11' title='bbox 369 744 464 823; x_wconf 90' lang='lat' dir='ltr'>prius</span> <span class='ocrx_word' id='word_1_12' title='bbox 488 743 529 806; x_wconf 92' lang='lat' dir='ltr'>de</span> <span class='ocrx_word' id='word_1_13' title='bbox 551 743 611 807; x_wconf 93' lang='lat' dir='ltr'>illo</span> <span class='ocrx_word' id='word_1_14' title='bbox 634 744 827 821; x_wconf 91' lang='lat' dir='ltr'>dicendum,</span> <span class='ocrx_word' id='word_1_15' title='bbox 843 745 936 826; x_wconf 92' lang='lat' dir='ltr'>quod</span> <span class='ocrx_word' id='word_1_16' title='bbox 958 753 994 809; x_wconf 90' lang='lat' dir='ltr'>et</span> <span class='ocrx_word' id='word_1_17' title='bbox 1008 746 1160 812; x_wconf 89' lang='lat' dir='ltr'>adolevit</span> 
     </span>
     <span class='ocr_line' id='line_1_4' title="bbox 208 831 1159 926; baseline 0.012 -27"><span class='ocrx_word' id='word_1_18' title='bbox 208 831 378 903; x_wconf 85' lang='lat' dir='ltr'>maturius</span> <span class='ocrx_word' id='word_1_19' title='bbox 393 849 427 906; x_wconf 90' lang='lat' dir='ltr'>et</span> <span class='ocrx_word' id='word_1_20' title='bbox 440 837 593 906; x_wconf 90' lang='lat' dir='ltr'>¹exaruit</span> <span class='ocrx_word' id='word_1_21' title='bbox 607 843 762 907; x_wconf 79' lang='lat' dir='ltr'>celerius</span> <span class='ocrx_word' id='word_1_22' title='bbox 815 842 918 922; x_wconf 83' lang='lat' dir='ltr'>Quod</span> <span class='ocrx_word' id='word_1_23' title='bbox 932 846 1087 926; x_wconf 86' lang='lat' dir='ltr'>profecto</span> <span class='ocrx_word' id='word_1_24' title='bbox 1100 847 1159 911; x_wconf 88' lang='lat' dir='ltr'>fiet</span> 
     </span>
     <span class='ocr_line' id='line_1_5' title="bbox 207 939 1159 1026; baseline 0.013 -29"><span class='ocrx_word' id='word_1_25' title='bbox 207 939 416 1018; x_wconf 82' lang='lat' dir='ltr'>expeditius,</span> <span class='ocrx_word' id='word_1_26' title='bbox 444 941 474 1004; x_wconf 92' lang='lat' dir='ltr'>si</span> <span class='ocrx_word' id='word_1_27' title='bbox 503 961 612 1024; x_wconf 90' lang='lat' dir='ltr'>regna</span> <span class='ocrx_word' id='word_1_28' title='bbox 639 942 867 1007; x_wconf 86' lang='lat' dir='ltr'>Orientalium</span> <span class='ocrx_word' id='word_1_29' title='bbox 895 941 1089 1026; x_wconf 83' lang='lat' dir='ltr'>Anglorum</span> <span class='ocrx_word' id='word_1_30' title='bbox 1123 953 1159 1009; x_wconf 94' lang='lat' dir='ltr'>et</span> 
     </span>
     <span class='ocr_line' id='line_1_6' title="bbox 207 1034 1158 1126; baseline 0.012 -30"><span class='ocrx_word' id='word_1_31' title='bbox 207 1034 438 1102; x_wconf 83' lang='lat' dir='ltr'>Orientalium</span> <span class='ocrx_word' id='word_1_32' title='bbox 462 1041 641 1105; x_wconf 81' lang='lat' dir='ltr'>Saxonum</span> <span class='ocrx_word' id='word_1_33' title='bbox 663 1049 742 1124; x_wconf 90' lang='lat' dir='ltr'>post</span> <span class='ocrx_word' id='word_1_34' title='bbox 770 1042 915 1106; x_wconf 89' lang='lat' dir='ltr'>aliorum</span> <span class='ocrx_word' id='word_1_35' title='bbox 937 1051 1073 1125; x_wconf 87' lang='lat' dir='ltr'>tergum</span> <span class='ocrx_word' id='word_1_36' title='bbox 1094 1064 1158 1126; x_wconf 92' lang='lat' dir='ltr'>po·</span> 
     </span>
     <span class='ocr_line' id='line_1_7' title="bbox 205 1145 1157 1223; baseline 0.014 -29"><span class='ocrx_word' id='word_1_37' title='bbox 205 1152 322 1214; x_wconf 90' lang='lat' dir='ltr'>suero,</span> <span class='ocrx_word' id='word_1_38' title='bbox 336 1159 414 1220; x_wconf 88' lang='lat' dir='ltr'>quae</span> <span class='ocrx_word' id='word_1_39' title='bbox 429 1147 465 1203; x_wconf 94' lang='lat' dir='ltr'>et</span> <span class='ocrx_word' id='word_1_40' title='bbox 479 1149 599 1205; x_wconf 89' lang='lat' dir='ltr'>nostra</span> <span class='ocrx_word' id='word_1_41' title='bbox 612 1162 695 1205; x_wconf 90' lang='lat' dir='ltr'>cura</span> <span class='ocrx_word' id='word_1_42' title='bbox 711 1149 746 1205; x_wconf 90' lang='lat' dir='ltr'>et</span> <span class='ocrx_word' id='word_1_43' title='bbox 761 1150 976 1223; x_wconf 86' lang='lat' dir='ltr'>posterorum</span> <span class='ocrx_word' id='word_1_44' title='bbox 993 1145 1157 1208; x_wconf 87' lang='lat' dir='ltr'>memoria</span> 
     </span>
     <span class='ocr_line' id='line_1_8' title="bbox 204 1225 554 1319; baseline 0.02 -23"><span class='ocrx_word' id='word_1_45' title='bbox 204 1225 387 1315; x_wconf 83' lang='lat' dir='ltr'>²putamus</span> <span class='ocrx_word' id='word_1_46' title='bbox 402 1239 554 1319; x_wconf 84' lang='lat' dir='ltr'>indigna.</span> 
     </span>
    </p>

    <p class='ocr_par' dir='ltr' id='par_1_3' title="bbox 202 1335 1154 1521">
     <span class='ocr_line' id='line_1_9' title="bbox 257 1335 1154 1406; baseline 0.01 -9"><span class='ocrx_word' id='word_1_47' title='bbox 257 1335 436 1401; x_wconf 87' lang='lat' dir='ltr'>Secundus</span> <span class='ocrx_word' id='word_1_48' title='bbox 461 1340 547 1402; x_wconf 90' lang='lat' dir='ltr'>liber</span> <span class='ocrx_word' id='word_1_49' title='bbox 571 1339 615 1402; x_wconf 91' lang='lat' dir='ltr'>ad</span> <span class='ocrx_word' id='word_1_50' title='bbox 644 1341 830 1404; x_wconf 88' lang='lat' dir='ltr'>adventum</span> <span class='ocrx_word' id='word_1_51' title='bbox 872 1339 1154 1406; x_wconf 87' lang='lat' dir='ltr'>Normannornm</span> 
     </span>
     <span class='ocr_line' id='line_1_10' title="bbox 202 1434 912 1521; baseline 0.008 -27"><span class='ocrx_word' id='word_1_52' title='bbox 202 1434 374 1514; x_wconf 90' lang='lat' dir='ltr'>producet</span> <span class='ocrx_word' id='word_1_53' title='bbox 386 1437 512 1502; x_wconf 90' lang='lat' dir='ltr'>lineam</span> <span class='ocrx_word' id='word_1_54' title='bbox 526 1440 694 1521; x_wconf 89' lang='lat' dir='ltr'>regalium</span> <span class='ocrx_word' id='word_1_55' title='bbox 708 1447 912 1521; x_wconf 90' lang='lat' dir='ltr'>temporum.</span> 
     </span>
    </p>

    <p class='ocr_par' dir='ltr' id='par_1_4' title="bbox 134 1533 1153 2618">
     <span class='ocr_line' id='line_1_11' title="bbox 256 1533 1153 1619; baseline 0.007 -23"><span class='ocrx_word' id='word_1_56' title='bbox 256 1533 345 1598; x_wconf 86' lang='lat' dir='ltr'>Tres</span> <span class='ocrx_word' id='word_1_57' title='bbox 369 1537 491 1619; x_wconf 93' lang='lat' dir='ltr'>reliqui</span> <span class='ocrx_word' id='word_1_58' title='bbox 509 1539 546 1601; x_wconf 92' lang='lat' dir='ltr'>in</span> <span class='ocrx_word' id='word_1_59' title='bbox 568 1540 676 1619; x_wconf 90' lang='lat' dir='ltr'>gestis</span> <span class='ocrx_word' id='word_1_60' title='bbox 700 1540 803 1601; x_wconf 88' lang='lat' dir='ltr'>trium</span> <span class='ocrx_word' id='word_1_61' title='bbox 825 1557 945 1618; x_wconf 90' lang='lat' dir='ltr'>regum</span> <span class='ocrx_word' id='word_1_62' title='bbox 965 1540 1153 1602; x_wconf 86' lang='lat' dir='ltr'>versabun-</span> 
     </span>
     <span class='ocr_line' id='line_1_12' title="bbox 134 1632 1153 1720; baseline 0.011 -28"><span class='ocrx_word' id='word_1_63' title='bbox 134 1645 138 1652; x_wconf 86' lang='lat'>·</span> <span class='ocrx_word' id='word_1_64' title='bbox 202 1637 261 1693; x_wconf 89' lang='lat' dir='ltr'>tur</span> <span class='ocrx_word' id='word_1_65' title='bbox 274 1655 282 1711; x_wconf 83' lang='lat'>3</span> <span class='ocrx_word' id='word_1_66' title='bbox 308 1635 361 1697; x_wconf 88' lang='lat' dir='ltr'>his</span> <span class='ocrx_word' id='word_1_67' title='bbox 376 1636 520 1720; x_wconf 88' lang='lat' dir='ltr'>adjectis</span> <span class='ocrx_word' id='word_1_68' title='bbox 534 1658 612 1720; x_wconf 88' lang='lat' dir='ltr'>quae</span> <span class='ocrx_word' id='word_1_69' title='bbox 629 1638 748 1701; x_wconf 91' lang='lat' dir='ltr'>diebus</span> <span class='ocrx_word' id='word_1_70' title='bbox 761 1632 913 1701; x_wconf 82' lang='lat' dir='ltr'>³illorum</span> <span class='ocrx_word' id='word_1_71' title='bbox 928 1636 1010 1699; x_wconf 89' lang='lat' dir='ltr'>alibi</span> <span class='ocrx_word' id='word_1_72' title='bbox 1020 1639 1153 1703; x_wconf 88' lang='lat' dir='ltr'>accide-</span> 
     </span>
     <span class='ocr_line' id='line_1_13' title="bbox 200 1737 1153 1818; baseline 0.01 -26"><span class='ocrx_word' id='word_1_73' title='bbox 200 1740 299 1810; x_wconf 88' lang='lat' dir='ltr'>runt,</span> <span class='ocrx_word' id='word_1_74' title='bbox 323 1743 358 1799; x_wconf 91' lang='lat' dir='ltr'>et</span> <span class='ocrx_word' id='word_1_75' title='bbox 384 1737 552 1800; x_wconf 87' lang='lat' dir='ltr'>celebrem</span> <span class='ocrx_word' id='word_1_76' title='bbox 575 1739 629 1799; x_wconf 91' lang='lat' dir='ltr'>sui</span> <span class='ocrx_word' id='word_1_77' title='bbox 652 1737 823 1814; x_wconf 87' lang='lat' dir='ltr'>notitiam,</span> <span class='ocrx_word' id='word_1_78' title='bbox 849 1737 1048 1800; x_wconf 83' lang='lat' dir='ltr'>celebritate</span> <span class='ocrx_word' id='word_1_79' title='bbox 1074 1757 1153 1818; x_wconf 89' lang='lat' dir='ltr'>ges-</span> 
     </span>
     <span class='ocr_line' id='line_1_14' title="bbox 199 1835 1153 1919; baseline 0.008 -26"><span class='ocrx_word' id='word_1_80' title='bbox 199 1837 330 1913; x_wconf 90' lang='lat' dir='ltr'>torum,</span> <span class='ocrx_word' id='word_1_81' title='bbox 356 1835 514 1916; x_wconf 85' lang='lat' dir='ltr'>exigunt.</span> <span class='ocrx_word' id='word_1_82' title='bbox 559 1836 649 1900; x_wconf 83' lang='lat' dir='ltr'>Haec</span> <span class='ocrx_word' id='word_1_83' title='bbox 677 1837 727 1900; x_wconf 88' lang='lat' dir='ltr'>ita</span> <span class='ocrx_word' id='word_1_84' title='bbox 757 1837 933 1919; x_wconf 88' lang='lat' dir='ltr'>polliceor,</span> <span class='ocrx_word' id='word_1_85' title='bbox 956 1837 985 1898; x_wconf 91' lang='lat' dir='ltr'>si</span> <span class='ocrx_word' id='word_1_86' title='bbox 1013 1840 1153 1901; x_wconf 89' lang='lat' dir='ltr'>conatui</span> 
     </span>
     <span class='ocr_line' id='line_1_15' title="bbox 200 1933 1151 2016; baseline 0.009 -24"><span class='ocrx_word' id='word_1_87' title='bbox 200 1939 323 1996; x_wconf 90' lang='lat' dir='ltr'>nostro</span> <span class='ocrx_word' id='word_1_88' title='bbox 338 1933 474 1998; x_wconf 87' lang='lat' dir='ltr'>divinus</span> <span class='ocrx_word' id='word_1_89' title='bbox 497 1935 596 2000; x_wconf 85' lang='lat' dir='ltr'>favor</span> <span class='ocrx_word' id='word_1_90' title='bbox 617 1937 781 2012; x_wconf 86' lang='lat' dir='ltr'>arriserit,</span> <span class='ocrx_word' id='word_1_91' title='bbox 794 1943 830 1999; x_wconf 90' lang='lat' dir='ltr'>et</span> <span class='ocrx_word' id='word_1_92' title='bbox 851 1956 904 1999; x_wconf 90' lang='lat' dir='ltr'>me</span> <span class='ocrx_word' id='word_1_93' title='bbox 927 1942 1053 2016; x_wconf 86' lang='lat' dir='ltr'>praeter</span> <span class='ocrx_word' id='word_1_94' title='bbox 1075 1956 1151 2000; x_wconf 90' lang='lat' dir='ltr'>sco-</span> 
     </span>
     <span class='ocr_line' id='line_1_16' title="bbox 199 2031 1151 2117; baseline 0.007 -25"><span class='ocrx_word' id='word_1_95' title='bbox 199 2031 303 2110; x_wconf 88' lang='lat' dir='ltr'>pulos</span> <span class='ocrx_word' id='word_1_96' title='bbox 341 2033 536 2116; x_wconf 84' lang='lat' dir='ltr'>confragosi</span> <span class='ocrx_word' id='word_1_97' title='bbox 573 2037 739 2099; x_wconf 89' lang='lat' dir='ltr'>sermonis</span> <span class='ocrx_word' id='word_1_98' title='bbox 779 2035 945 2110; x_wconf 89' lang='lat' dir='ltr'>evexerit,</span> <span class='ocrx_word' id='word_1_99' title='bbox 981 2034 1025 2097; x_wconf 84' lang='lat' dir='ltr'>ad</span> <span class='ocrx_word' id='word_1_100' title='bbox 1063 2055 1151 2117; x_wconf 93' lang='lat' dir='ltr'>quos</span> 
     </span>
     <span class='ocr_line' id='line_1_17' title="bbox 199 2129 1150 2210; baseline 0.008 -19"><span class='ocrx_word' id='word_1_101' title='bbox 199 2129 396 2210; x_wconf 77' lang='lat' dir='ltr'>ElwarduS,</span> <span class='ocrx_word' id='word_1_102' title='bbox 411 2134 492 2197; x_wconf 90' lang='lat' dir='ltr'>dum</span> <span class='ocrx_word' id='word_1_103' title='bbox 515 2135 652 2198; x_wconf 87' lang='lat' dir='ltr'>tinnula</span> <span class='ocrx_word' id='word_1_104' title='bbox 674 2142 710 2198; x_wconf 88' lang='lat' dir='ltr'>et</span> <span class='ocrx_word' id='word_1_105' title='bbox 732 2135 946 2198; x_wconf 88' lang='lat' dir='ltr'>emendicata</span> <span class='ocrx_word' id='word_1_106' title='bbox 964 2133 1070 2198; x_wconf 89' lang='lat' dir='ltr'>verba</span> <span class='ocrx_word' id='word_1_107' title='bbox 1091 2155 1150 2199; x_wconf 88' lang='lat' dir='ltr'>ve-</span> 
     </span>
     <span class='ocr_line' id='line_1_18' title="bbox 200 2227 1151 2316; baseline 0.006 -25"><span class='ocrx_word' id='word_1_108' title='bbox 200 2238 319 2309; x_wconf 88' lang='lat' dir='ltr'>natur,</span> <span class='ocrx_word' id='word_1_109' title='bbox 345 2233 586 2297; x_wconf 86' lang='lat' dir='ltr'>miserabiliter</span> <span class='ocrx_word' id='word_1_110' title='bbox 613 2233 768 2316; x_wconf 82' lang='lat' dir='ltr'>impegit.</span> <span class='ocrx_word' id='word_1_111' title='bbox 820 2233 858 2296; x_wconf 90' lang='lat' dir='ltr'>Si</span> <span class='ocrx_word' id='word_1_112' title='bbox 880 2233 957 2316; x_wconf 91' lang='lat' dir='ltr'>quis</span> <span class='ocrx_word' id='word_1_113' title='bbox 978 2252 1072 2308; x_wconf 90' lang='lat' dir='ltr'>vero,</span> <span class='ocrx_word' id='word_1_114' title='bbox 1095 2227 1151 2298; x_wconf 77' lang='lat' dir='ltr'>4ut</span> 
     </span>
     <span class='ocr_line' id='line_1_19' title="bbox 197 2328 1150 2417; baseline 0.007 -26"><span class='ocrx_word' id='word_1_115' title='bbox 197 2328 258 2392; x_wconf 92' lang='lat' dir='ltr'>ille</span> <span class='ocrx_word' id='word_1_116' title='bbox 281 2332 342 2411; x_wconf 85' lang='lat' dir='ltr'>ait,</span> <span class='ocrx_word' id='word_1_117' title='bbox 365 2333 396 2394; x_wconf 90' lang='lat' dir='ltr'>si</span> <span class='ocrx_word' id='word_1_118' title='bbox 417 2335 495 2414; x_wconf 91' lang='lat' dir='ltr'>quis</span> <span class='ocrx_word' id='word_1_119' title='bbox 513 2333 587 2396; x_wconf 87' lang='lat' dir='ltr'>haec</span> <span class='ocrx_word' id='word_1_120' title='bbox 603 2353 740 2417; x_wconf 90' lang='lat' dir='ltr'>quoque</span> <span class='ocrx_word' id='word_1_121' title='bbox 762 2341 885 2414; x_wconf 89' lang='lat' dir='ltr'>captus</span> <span class='ocrx_word' id='word_1_122' title='bbox 907 2351 1023 2395; x_wconf 89' lang='lat' dir='ltr'>amore</span> <span class='ocrx_word' id='word_1_123' title='bbox 1037 2332 1150 2415; x_wconf 86' lang='lat' dir='ltr'>leget,</span> 
     </span>
     <span class='ocr_line' id='line_1_20' title="bbox 198 2430 1149 2514; baseline 0.006 -24"><span class='ocrx_word' id='word_1_124' title='bbox 198 2430 288 2494; x_wconf 88' lang='lat' dir='ltr'>sciat</span> <span class='ocrx_word' id='word_1_125' title='bbox 308 2451 362 2494; x_wconf 91' lang='lat' dir='ltr'>me</span> <span class='ocrx_word' id='word_1_126' title='bbox 384 2432 470 2495; x_wconf 89' lang='lat' dir='ltr'>nibil</span> <span class='ocrx_word' id='word_1_127' title='bbox 492 2432 534 2496; x_wconf 91' lang='lat' dir='ltr'>de</span> <span class='ocrx_word' id='word_1_128' title='bbox 556 2435 737 2497; x_wconf 84' lang='lat' dir='ltr'>retroactis</span> <span class='ocrx_word' id='word_1_129' title='bbox 762 2441 888 2514; x_wconf 84' lang='lat' dir='ltr'>praeter</span> <span class='ocrx_word' id='word_1_130' title='bbox 905 2430 1149 2496; x_wconf 85' lang='lat' dir='ltr'>cohaerentiam</span> 
     </span>
     <span class='ocr_line' id='line_1_21' title="bbox 199 2531 1150 2618; baseline 0.004 -28"><span class='ocrx_word' id='word_1_131' title='bbox 199 2547 369 2594; x_wconf 87' lang='lat' dir='ltr'>annorum</span> <span class='ocrx_word' id='word_1_132' title='bbox 393 2551 562 2618; x_wconf 86' lang='lat' dir='ltr'>provere</span> <span class='ocrx_word' id='word_1_133' title='bbox 585 2533 725 2614; x_wconf 91' lang='lat' dir='ltr'>pacisci,</span> <span class='ocrx_word' id='word_1_134' title='bbox 749 2532 833 2594; x_wconf 87' lang='lat' dir='ltr'>fides</span> <span class='ocrx_word' id='word_1_135' title='bbox 853 2531 1022 2594; x_wconf 90' lang='lat' dir='ltr'>dictorum</span> <span class='ocrx_word' id='word_1_136' title='bbox 1043 2551 1150 2612; x_wconf 89' lang='lat' dir='ltr'>penes</span> 
     </span>
    </p>
   </div>
   <div class='ocr_carea' id='block_1_3' title="bbox 200 2630 1250 2713">
    <p class='ocr_par' dir='ltr' id='par_1_5' title="bbox 200 2630 1250 2713">
     <span class='ocr_line' id='line_1_22' title="bbox 200 2630 1250 2713; baseline 0.002 -23"><span class='ocrx_word' id='word_1_137' title='bbox 200 2635 359 2693; x_wconf 87' lang='lat' dir='ltr'>auctores</span> <span class='ocrx_word' id='word_1_138' title='bbox 388 2632 463 2695; x_wconf 90' lang='lat' dir='ltr'>erit.</span> <span class='ocrx_word' id='word_1_139' title='bbox 516 2630 690 2713; x_wconf 85' lang='lat' dir='ltr'>Quicquid</span> <span class='ocrx_word' id='word_1_140' title='bbox 720 2651 802 2694; x_wconf 87' lang='lat' dir='ltr'>vero</span> <span class='ocrx_word' id='word_1_141' title='bbox 832 2631 874 2693; x_wconf 90' lang='lat' dir='ltr'>de</span> <span class='ocrx_word' id='word_1_142' title='bbox 903 2630 1149 2692; x_wconf 88' lang='lat' dir='ltr'>recentioribus</span> <span class='ocrx_word' id='word_1_143' title='bbox 1249 2633 1250 2636; x_wconf 74' lang='grc'>’</span> 
     </span>
    </p>
   </div>
   <div class='ocr_carea' id='block_1_4' title="bbox 196 2723 1151 3292">
    <p class='ocr_par' dir='ltr' id='par_1_6' title="bbox 196 2723 1151 3292">
     <span class='ocr_line' id='line_1_23' title="bbox 199 2723 1149 2812; baseline 0.003 -22"><span class='ocrx_word' id='word_1_144' title='bbox 199 2729 363 2792; x_wconf 84' lang='lat' dir='ltr'>aetetibus</span> <span class='ocrx_word' id='word_1_145' title='bbox 383 2732 540 2812; x_wconf 88' lang='lat' dir='ltr'>apposui,</span> <span class='ocrx_word' id='word_1_146' title='bbox 555 2731 609 2795; x_wconf 87' lang='lat' dir='ltr'>vel</span> <span class='ocrx_word' id='word_1_147' title='bbox 637 2731 711 2812; x_wconf 91' lang='lat' dir='ltr'>ipse</span> <span class='ocrx_word' id='word_1_148' title='bbox 742 2730 822 2806; x_wconf 90' lang='lat' dir='ltr'>vidi,</span> <span class='ocrx_word' id='word_1_149' title='bbox 844 2729 900 2793; x_wconf 88' lang='lat' dir='ltr'>vel</span> <span class='ocrx_word' id='word_1_150' title='bbox 916 2746 938 2789; x_wconf 91' lang='lat' dir='ltr'>a</span> <span class='ocrx_word' id='word_1_151' title='bbox 959 2728 1042 2791; x_wconf 87' lang='lat' dir='ltr'>viris</span> <span class='ocrx_word' id='word_1_152' title='bbox 1065 2723 1149 2793; x_wconf 82' lang='lat' dir='ltr'>⁵fide</span> 
     </span>
     <span class='ocr_line' id='line_1_24' title="bbox 199 2826 1150 2910; baseline 0.001 -21"><span class='ocrx_word' id='word_1_153' title='bbox 199 2826 315 2908; x_wconf 83' lang='lat' dir='ltr'>dignis</span> <span class='ocrx_word' id='word_1_154' title='bbox 340 2830 467 2894; x_wconf 88' lang='lat' dir='ltr'>andivi.</span> <span class='ocrx_word' id='word_1_155' title='bbox 531 2830 716 2907; x_wconf 86' lang='lat' dir='ltr'>Caeterum,</span> <span class='ocrx_word' id='word_1_156' title='bbox 740 2831 778 2893; x_wconf 91' lang='lat' dir='ltr'>in</span> <span class='ocrx_word' id='word_1_157' title='bbox 807 2828 974 2892; x_wconf 86' lang='lat' dir='ltr'>utramvis</span> <span class='ocrx_word' id='word_1_158' title='bbox 1003 2835 1150 2910; x_wconf 87' lang='lat' dir='ltr'>partem,</span> 
     </span>
     <span class='ocr_line' id='line_1_25' title="bbox 197 2928 1150 3013; baseline 0.004 -25"><span class='ocrx_word' id='word_1_159' title='bbox 197 2930 420 3008; x_wconf 86' lang='lat' dir='ltr'>praesentium</span> <span class='ocrx_word' id='word_1_160' title='bbox 431 2949 501 2993; x_wconf 93' lang='lat' dir='ltr'>non</span> <span class='ocrx_word' id='word_1_161' title='bbox 512 2930 742 3012; x_wconf 86' lang='lat' dir='ltr'>magnipendo</span> <span class='ocrx_word' id='word_1_162' title='bbox 753 2929 941 3013; x_wconf 87' lang='lat' dir='ltr'>judicium;</span> <span class='ocrx_word' id='word_1_163' title='bbox 957 2928 1150 3006; x_wconf 88' lang='lat' dir='ltr'>habiturus,</span> 
     </span>
     <span class='ocr_line' id='line_1_26' title="bbox 197 3029 1151 3111; baseline 0.004 -23"><span class='ocrx_word' id='word_1_164' title='bbox 197 3033 238 3089; x_wconf 88' lang='lat' dir='ltr'>ut</span> <span class='ocrx_word' id='word_1_165' title='bbox 251 3047 363 3109; x_wconf 88' lang='lat' dir='ltr'>spero,</span> <span class='ocrx_word' id='word_1_166' title='bbox 379 3030 470 3111; x_wconf 92' lang='lat' dir='ltr'>apud</span> <span class='ocrx_word' id='word_1_167' title='bbox 486 3037 656 3110; x_wconf 88' lang='lat' dir='ltr'>posteros,</span> <span class='ocrx_word' id='word_1_168' title='bbox 678 3037 758 3111; x_wconf 88' lang='lat' dir='ltr'>post</span> <span class='ocrx_word' id='word_1_169' title='bbox 769 3030 947 3093; x_wconf 90' lang='lat' dir='ltr'>decessum</span> <span class='ocrx_word' id='word_1_170' title='bbox 973 3029 1099 3091; x_wconf 89' lang='lat' dir='ltr'>amoris</span> <span class='ocrx_word' id='word_1_171' title='bbox 1115 3036 1151 3092; x_wconf 92' lang='lat' dir='ltr'>et</span> 
     </span>
     <span class='ocr_line' id='line_1_27' title="bbox 197 3125 1148 3211; baseline 0.003 -24"><span class='ocrx_word' id='word_1_172' title='bbox 197 3125 330 3205; x_wconf 76' lang='lat' dir='ltr'>livoriS,</span> <span class='ocrx_word' id='word_1_173' title='bbox 345 3129 374 3191; x_wconf 89' lang='lat' dir='ltr'>si</span> <span class='ocrx_word' id='word_1_174' title='bbox 396 3149 467 3193; x_wconf 92' lang='lat' dir='ltr'>non</span> <span class='ocrx_word' id='word_1_175' title='bbox 489 3129 695 3211; x_wconf 85' lang='lat' dir='ltr'>eloquentiae</span> <span class='ocrx_word' id='word_1_176' title='bbox 717 3130 867 3206; x_wconf 89' lang='lat' dir='ltr'>titulum,</span> <span class='ocrx_word' id='word_1_177' title='bbox 885 3128 1008 3191; x_wconf 86' lang='lat' dir='ltr'>saltem</span> <span class='ocrx_word' id='word_1_178' title='bbox 1030 3128 1148 3190; x_wconf 89' lang='lat' dir='ltr'>iudus-</span> 
     </span>
     <span class='ocr_line' id='line_1_28' title="bbox 196 3225 535 3292; baseline 0.015 -5"><span class='ocrx_word' id='word_1_179' title='bbox 196 3225 274 3288; x_wconf 86' lang='lat' dir='ltr'>triae</span> <span class='ocrx_word' id='word_1_180' title='bbox 289 3228 535 3292; x_wconf 88' lang='lat' dir='ltr'>testimonium.</span> 
     </span>
    </p>
   </div>
   <div class='ocr_carea' id='block_1_5' title="bbox 485 3367 874 3417">
    <p class='ocr_par' dir='ltr' id='par_1_7' title="bbox 485 3367 874 3417">
     <span class='ocr_line' id='line_1_29' title="bbox 485 3367 874 3417; baseline -0.003 -1"><span class='ocrx_word' id='word_1_181' title='bbox 485 3369 655 3417; x_wconf 82' lang='lat' dir='ltr'>EXPLICIT</span> <span class='ocrx_word' id='word_1_182' title='bbox 677 3367 874 3416; x_wconf 82' lang='lat' dir='ltr'><strong>PROLOGUS.</strong></span> 
     </span>
    </p>
   </div>
   <div class='ocr_carea' id='block_1_6' title="bbox 194 3613 1147 4168">
    <p class='ocr_par' dir='ltr' id='par_1_8' title="bbox 235 3613 900 3680">
     <span class='ocr_line' id='line_1_30' title="bbox 235 3613 900 3680; baseline -0.008 -15"><span class='ocrx_word' id='word_1_183' title='bbox 235 3613 242 3646; x_wconf 87' lang='lat'>¹</span> <span class='ocrx_word' id='word_1_184' title='bbox 251 3617 382 3680; x_wconf 68' lang='lat' dir='ltr'>Exstruit]</span> <span class='ocrx_word' id='word_1_185' title='bbox 395 3615 428 3667; x_wconf 71' lang='lat' dir='ltr'>A.</span> <span class='ocrx_word' id='word_1_186' title='bbox 438 3617 467 3666; x_wconf 82' lang='lat' dir='ltr'>S.</span> <span class='ocrx_word' id='word_1_187' title='bbox 477 3617 512 3666; x_wconf 92' lang='lat' dir='ltr'>D.</span> <span class='ocrx_word' id='word_1_188' title='bbox 521 3616 553 3665; x_wconf 84' lang='lat' dir='ltr'>E.</span> <span class='ocrx_word' id='word_1_189' title='bbox 562 3617 593 3664; x_wconf 89' lang='lat' dir='ltr'>L.</span> <span class='ocrx_word' id='word_1_190' title='bbox 602 3616 641 3664; x_wconf 88' lang='lat' dir='ltr'>M.</span> <span class='ocrx_word' id='word_1_191' title='bbox 652 3631 659 3675; x_wconf 88' lang='lat'>;</span> <span class='ocrx_word' id='word_1_192' title='bbox 720 3613 730 3641; x_wconf 91' lang='lat'><strong>⁴</strong></span> <span class='ocrx_word' id='word_1_193' title='bbox 745 3613 900 3676; x_wconf 70' lang='lat' dir='ltr'>ostreata]</span> 
     </span>
    </p>

    <p class='ocr_par' dir='ltr' id='par_1_9' title="bbox 195 3682 1147 3819">
     <span class='ocr_line' id='line_1_31' title="bbox 195 3682 1147 3748; baseline -0.004 -14"><span class='ocrx_word' id='word_1_194' title='bbox 195 3688 271 3748; x_wconf 85' lang='lat' dir='ltr'>amit,</span> <span class='ocrx_word' id='word_1_195' title='bbox 282 3688 311 3735; x_wconf 87' lang='lat' dir='ltr'>G.</span> <span class='ocrx_word' id='word_1_196' title='bbox 684 3685 711 3733; x_wconf 90' lang='lat' dir='ltr'>si</span> <span class='ocrx_word' id='word_1_197' title='bbox 719 3685 777 3744; x_wconf 88' lang='lat' dir='ltr'>quis</span> <span class='ocrx_word' id='word_1_198' title='bbox 784 3688 867 3731; x_wconf 84' lang='lat' dir='ltr'>tamen</span> <span class='ocrx_word' id='word_1_199' title='bbox 875 3682 930 3730; x_wconf 84' lang='lat' dir='ltr'>haec</span> <span class='ocrx_word' id='word_1_200' title='bbox 939 3697 1049 3744; x_wconf 82' lang='lat' dir='ltr'>quoque,</span> <span class='ocrx_word' id='word_1_201' title='bbox 1058 3682 1080 3730; x_wconf 86' lang='lat' dir='ltr'>si</span> <span class='ocrx_word' id='word_1_202' title='bbox 1089 3683 1147 3742; x_wconf 90' lang='lat' dir='ltr'>quis</span> 
     </span>
     <span class='ocr_line' id='line_1_32' title="bbox 231 3752 963 3819; baseline -0.004 -14"><span class='ocrx_word' id='word_1_203' title='bbox 231 3753 243 3783; x_wconf 80' lang='lat'><em>²</em></span> <span class='ocrx_word' id='word_1_204' title='bbox 259 3757 380 3805; x_wconf 79' lang='lat' dir='ltr'>Putamus</span> <span class='ocrx_word' id='word_1_205' title='bbox 393 3756 520 3819; x_wconf 75' lang='lat' dir='ltr'>indigna]</span> <span class='ocrx_word' id='word_1_206' title='bbox 532 3755 567 3804; x_wconf 84' lang='lat' dir='ltr'>D.</span> <span class='ocrx_word' id='word_1_207' title='bbox 582 3755 613 3804; x_wconf 84' lang='lat' dir='ltr'>E.</span> <span class='ocrx_word' id='word_1_208' title='bbox 626 3755 658 3803; x_wconf 91' lang='lat' dir='ltr'>F.</span> <span class='ocrx_word' id='word_1_209' title='bbox 684 3754 782 3816; x_wconf 84' lang='lat' dir='ltr'>Captus</span> <span class='ocrx_word' id='word_1_210' title='bbox 794 3767 877 3802; x_wconf 85' lang='lat' dir='ltr'>amore</span> <span class='ocrx_word' id='word_1_211' title='bbox 888 3752 963 3813; x_wconf 75' lang='lat' dir='ltr'>leget.</span> 
     </span>
    </p>

    <p class='ocr_par' dir='ltr' id='par_1_10' title="bbox 195 3822 1146 3887">
     <span class='ocr_line' id='line_1_33' title="bbox 195 3822 1146 3887; baseline -0.006 -13"><span class='ocrx_word' id='word_1_212' title='bbox 195 3825 227 3876; x_wconf 85' lang='lat' dir='ltr'>L.</span> <span class='ocrx_word' id='word_1_213' title='bbox 246 3827 300 3886; x_wconf 85' lang='lat' dir='ltr'>M.;</span> <span class='ocrx_word' id='word_1_214' title='bbox 325 3841 415 3887; x_wconf 83' lang='lat' dir='ltr'>parum</span> <span class='ocrx_word' id='word_1_215' title='bbox 432 3831 551 3886; x_wconf 85' lang='lat' dir='ltr'>putamus</span> <span class='ocrx_word' id='word_1_216' title='bbox 572 3825 659 3886; x_wconf 80' lang='lat' dir='ltr'>digna,</span> <span class='ocrx_word' id='word_1_217' title='bbox 916 3823 989 3883; x_wconf 81' lang='lat' dir='ltr'>Virg.</span> <span class='ocrx_word' id='word_1_218' title='bbox 1003 3822 1146 3870; x_wconf 84' lang='lat' dir='ltr'>Ecl.v1.9.</span> 
     </span>
    </p>

    <p class='ocr_par' dir='ltr' id='par_1_11' title="bbox 195 3894 659 3958">
     <span class='ocr_line' id='line_1_34' title="bbox 195 3894 659 3958; baseline -0.004 -14"><span class='ocrx_word' id='word_1_219' title='bbox 195 3894 659 3958; x_wconf 79' lang='lat' dir='ltr'>S.C.;A.incorrectlyreads‘digna‚&#39;</span> 
     </span>
    </p>

    <p class='ocr_par' dir='ltr' id='par_1_12' title="bbox 194 3958 1146 4100">
     <span class='ocr_line' id='line_1_35' title="bbox 194 3958 1146 4028; baseline -0.009 -14"><span class='ocrx_word' id='word_1_220' title='bbox 194 3965 311 4028; x_wconf 84' lang='lat' dir='ltr'>omitting</span> <span class='ocrx_word' id='word_1_221' title='bbox 322 3967 330 3994; x_wconf 91' lang='lat'>‘</span> <span class='ocrx_word' id='word_1_222' title='bbox 337 3966 446 4027; x_wconf 63' lang='lat' dir='ltr'>parum?</span> <span class='ocrx_word' id='word_1_223' title='bbox 717 3959 797 4011; x_wconf 71' lang='lat' dir='ltr'>⁵Fida</span> <span class='ocrx_word' id='word_1_224' title='bbox 805 3961 911 4024; x_wconf 69' lang='lat' dir='ltr'>dignis]</span> <span class='ocrx_word' id='word_1_225' title='bbox 921 3958 1127 4008; x_wconf 81' lang='lat' dir='ltr'><em>A.S.D.E.L.M.</em></span> <span class='ocrx_word' id='word_1_226' title='bbox 1139 3973 1146 4018; x_wconf 72' lang='grc' dir='ltr'><strong>ς</strong></span> 
     </span>
     <span class='ocr_line' id='line_1_36' title="bbox 230 4031 817 4100; baseline -0.005 -17"><span class='ocrx_word' id='word_1_227' title='bbox 230 4031 241 4064; x_wconf 79' lang='lat'><strong>³</strong></span> <span class='ocrx_word' id='word_1_228' title='bbox 252 4036 375 4100; x_wconf 72' lang='lat' dir='ltr'>Illorum]</span> <span class='ocrx_word' id='word_1_229' title='bbox 397 4035 431 4086; x_wconf 72' lang='lat' dir='ltr'>A.</span> <span class='ocrx_word' id='word_1_230' title='bbox 444 4037 470 4085; x_wconf 82' lang='lat' dir='ltr'>S.</span> <span class='ocrx_word' id='word_1_231' title='bbox 478 4036 513 4084; x_wconf 92' lang='lat' dir='ltr'>D.</span> <span class='ocrx_word' id='word_1_232' title='bbox 525 4035 554 4082; x_wconf 86' lang='lat' dir='ltr'>E.</span> <span class='ocrx_word' id='word_1_233' title='bbox 562 4033 594 4082; x_wconf 89' lang='lat' dir='ltr'>L.</span> <span class='ocrx_word' id='word_1_234' title='bbox 602 4033 641 4080; x_wconf 86' lang='lat' dir='ltr'>M.</span> <span class='ocrx_word' id='word_1_235' title='bbox 652 4048 659 4092; x_wconf 88' lang='lat'>;</span> <span class='ocrx_word' id='word_1_236' title='bbox 681 4031 775 4093; x_wconf 82' lang='lat' dir='ltr'>dignis,</span> <span class='ocrx_word' id='word_1_237' title='bbox 788 4033 817 4080; x_wconf 81' lang='lat' dir='ltr'>C.</span> 
     </span>
    </p>

    <p class='ocr_par' dir='ltr' id='par_1_13' title="bbox 194 4107 334 4168">
     <span class='ocr_line' id='line_1_37' title="bbox 194 4107 334 4168; baseline 0.014 -14"><span class='ocrx_word' id='word_1_238' title='bbox 194 4120 290 4168; x_wconf 88' lang='lat' dir='ltr'>eorum,</span> <span class='ocrx_word' id='word_1_239' title='bbox 304 4107 334 4156; x_wconf 84' lang='lat' dir='ltr'>C.</span> 
     </span>
    </p>
   </div>
   <div class='ocr_carea' id='block_1_7' title="bbox 0 0 1558 4974">
    <p class='ocr_par' dir='ltr' id='par_1_14' title="bbox 0 0 1558 4974">
     <span class='ocr_line' id='line_1_38' title="bbox 0 0 1558 4974; baseline 0 6"><span class='ocrx_word' id='word_1_240' title='bbox 0 0 1558 4974; x_wconf 95' lang='lat' dir='ltr'> </span> 
     </span>
    </p>
   </div>
  </div>
 </body>
</html>
