3128 4976
217 459 286 504 nin.
304 443 361 522 u]
447 460 561 508 cnsru
584 462 712 510 nuncu
735 463 950 526 nucnonuu.
1102 455 1167 519 257

215 625 289 680 tum
311 625 347 682 et
372 639 541 696 novercae,
560 639 638 701 quae
659 621 720 684 vix
743 621 825 685 dum
841 629 973 704 septem
997 641 1165 688 annorum

212 718 394 798 puerulum
411 718 620 800 Egelredum
636 720 742 783 filium
758 721 946 802 provehere
961 723 1163 801 conabatur,

212 822 252 879 ut
272 817 349 898 ipsa
370 819 485 900 potius
497 820 571 895 ¹sub
586 819 661 903 ejus
677 820 815 884 nomine
830 821 1054 902 imperitaret.
1107 821 1163 887 Ex

211 921 295 979 tunc
309 917 443 980 malitia
466 915 641 980 hominum
664 919 870 1002 pullulante,
893 919 1040 983 felicitas
1064 923 1162 1002 regni

211 1014 401 1079 imminuta.
455 1015 555 1080 Tunc
572 1010 684 1081 ¹visus
704 1026 868 1095 cometes,
884 1019 944 1101 qui
957 1018 1162 1101 velpestem

210 1115 483 1194 provincialium,
506 1115 563 1180 vel
587 1117 684 1198 regni
708 1118 935 1181 mutationem
957 1118 1161 1199 portendere

210 1233 272 1294 pro
300 1233 383 1278 vero
407 1222 637 1278 asseveratur.
696 1215 772 1280 Nec
799 1237 916 1296 mora;
944 1226 1064 1281 secuta
1090 1226 1159 1282 ste-

209 1311 320 1375 rilitas
345 1313 432 1390 arvi,
454 1312 562 1377 fames
583 1313 770 1392 bominum,
798 1335 889 1380 mors
910 1316 1158 1400 jumentorum.

209 1408 314 1493 Apud
343 1413 457 1476 vicum
493 1413 626 1494 regium
653 1414 713 1496 qui
743 1423 889 1479 vocatur
917 1414 1029 1478 Calne
1058 1435 1158 1481 casus

209 1510 380 1582 insolitus.
433 1510 539 1588 Nam,
563 1511 725 1577 defuncto
745 1512 895 1595 Edgaro,
920 1514 1157 1596 clericiquon-

208 1608 287 1672 dam
316 1611 359 1674 ab
383 1610 536 1673 ecclesiis
560 1612 698 1692 expulsi
721 1612 876 1677 rediviva
898 1613 1019 1695 praelia
1049 1615 1157 1677 susci·
1191 1601 1193 1605 ⁸

207 1715 347 1773 tarunt:
382 1702 523 1791 ²ingens
553 1730 628 1774 esse
660 1719 695 1775 et
721 1712 914 1776 miserabile
943 1711 1091 1776 dedecus
1117 1722 1157 1779 ut

146 1857 150 1864 .
207 1827 317 1871 novus
340 1808 474 1873 advena
498 1816 632 1874 veteres
664 1810 805 1874 colonos
831 1813 980 1893 migrare
1006 1813 1156 1894 compel-

205 1905 311 1988 leret;
338 1908 404 1971 hoc
432 1928 495 1972 nec
517 1909 594 1985 Deo
618 1917 755 1990 gratum
773 1911 900 1992 putari,
925 1911 985 1992 qui
1006 1919 1156 1976 veterem

205 2004 454 2071 habitationem
480 2007 719 2087 concessisset,
745 2029 808 2072 nec
832 2010 935 2073 alicui
960 2011 1068 2092 probo
1093 2011 1154 2075 ho-

205 2105 301 2182 mini,
328 2107 388 2188 qui
400 2107 466 2170 sibi
483 2106 573 2170 idem
589 2107 707 2172 timere
730 2115 848 2189 posset
866 2109 958 2190 quod
973 2109 1050 2171 aliis
1064 2129 1154 2190 prae-

200 2202 332 2285 judicio
346 2205 511 2268 accidisse
534 2213 700 2270 cerneret.
753 2207 806 2269 Ea
822 2205 865 2269 de
883 2207 970 2270 rein
987 2207 1154 2271 clamores

204 2309 239 2364 et
254 2303 324 2366 iras
350 2310 553 2379 surrectum,
581 2311 616 2367 et
637 2304 681 2366 ad
698 2305 918 2368 Dunstanum
938 2313 1152 2386 perrectum;

202 2402 376 2484 praecipue
405 2403 616 2483 proceribus,
646 2409 686 2467 ut
716 2402 882 2467 laicorum
918 2411 982 2480 est,
1019 2406 1152 2470 succla-

203 2501 375 2564 mantibus
390 2500 640 2584 praejudicium,
656 2501 748 2584 quod
764 2496 891 2566 ³clerici
905 2504 999 2584 passi
1014 2503 1152 2569 fuerant

202 2599 341 2683 injuste,
358 2599 479 2664 leniori
502 2600 645 2663 consilio
668 2600 797 2664 succidi
820 2601 953 2664 debere.
1007 2601 1101 2665 Nam
1117 2612 1152 2668 ot

201 2716 290 2762 unus
320 2719 450 2775 eorum,
480 2698 642 2775 Elferius,
678 2699 793 2763 omnia
826 2720 912 2781 pene
942 2704 1152 2766 monasteria

201 2816 280 2877 quae
313 2797 612 2862 reverentissimus
636 2791 878 2863 4Adelwoldus
906 2807 1150 2865 construxerat

199 2897 236 2958 in
250 2897 429 2978 provincia
444 2889 665 2974 Merciorum,
692 2916 820 2979 magna
845 2917 928 2961 usus
953 2899 1150 2977 insolentia,

200 2997 335 3060 evertit.
378 2996 514 3078 Itaque,
529 2995 702 3078 frequenti
718 2997 851 3081 synodo
870 3004 1003 3075 coacta,
1020 2991 1031 3028 ⁵
1039 3000 1150 3080 primo

234 3251 241 3282 ¹
259 3255 333 3304 Visus
347 3250 469 3322 conclea]
488 3255 559 3303 Most
569 3254 598 3302 of
613 3255 655 3303 the
684 3253 748 3302 from
768 3254 889 3302 Florence
909 3253 960 3302 and
978 3254 1105 3303 Matthew
1123 3256 1152 3304 os

198 3323 274 3373 MSS.
297 3324 358 3374 read
379 3325 452 3373 ‘visa
476 3324 610 3382 cometes?
628 3325 656 3372 S.
684 3321 870 3385 westminster,
880 3327 905 3370 to
913 3323 1047 3373 bavebeen
1055 3325 1148 3374 holden

197 3392 272 3441 reads
283 3393 362 3442 ‘visae
374 3393 496 3443 cometae?
518 3392 587 3442 ‘Am
599 3396 657 3442 975.
684 3393 799 3441 between
810 3392 853 3440 the
865 3391 941 3440 death
948 3392 977 3440 ol
985 3394 1089 3454 Eadgar
1096 3395 1147 3454 eud

198 3461 314 3511 Cometes
336 3463 411 3511 stella
432 3461 574 3522 autumnali
595 3464 657 3509 tem·
683 3461 725 3508 the
738 3462 910 3510 consecration
926 3460 955 3508 os
967 3461 1008 3509 his
1020 3475 1065 3510 son
1077 3463 1147 3510 Ead-

197 3545 257 3592 pore
268 3531 325 3580 visa
335 3531 391 3580 est’
407 3529 487 3595 (Flor.
496 3527 622 3592 Wigom.)
683 3529 765 3591 ward,
776 3531 802 3577 in
813 3533 861 3578 975
873 3546 879 3590 3
889 3530 936 3577 but
950 3529 993 3578 the
1005 3530 1146 3580 chronicon

232 3594 364 3668 Uagae]
378 3599 411 3648 A.
422 3601 452 3648 C.
462 3599 497 3647 D.
509 3600 542 3647 Ε.
554 3599 585 3648 L.
597 3614 604 3659 ;
615 3599 659 3647 be·
683 3596 866 3659 Wintoniense,
883 3599 950 3646 cited
968 3600 1003 3660 by
1017 3599 1146 3661 Spelman,

199 3669 250 3718 lore
277 3669 405 3732 ‘ingena’
433 3668 463 3717 S.
491 3668 566 3716 reads
599 3669 658 3716 ‘di·
683 3665 794 3731 (Concil.
811 3667 889 3729 Angl.
908 3671 968 3717 tom.
988 3678 1007 3716 r.
1027 3683 1053 3730 p.
1073 3667 1149 3734 491,).

142 3734 146 3738 ’
197 3738 301 3788 centes!
493 3761 495 3766 ¹
682 3737 769 3797 places
784 3737 844 3785 itin
862 3737 904 3785 the
915 3751 977 3798 year
991 3742 1048 3787 968.
1085 3737 1144 3804 (See

233 3802 656 3874 ³clerict.]A.s.c.D.En.L.;
683 3806 826 3855 Wbarton's
848 3811 906 3855 note
933 3808 960 3855 in
981 3807 1077 3869 Anglia
1099 3809 1145 3857 Sa·

196 3877 382 3927 omittedinE.
685 3872 738 3933 era,
768 3890 827 3937 pars
856 3888 885 3924 11.
916 3891 942 3936 p.
971 3875 1047 3939 112.)
1095 3877 1144 3926 Os·

231 3944 428 4007 ⁴Adelwoldue.]
440 3944 475 3994 A.
485 3945 515 3994 G.
526 3945 560 3993 D.
570 3945 602 3992 E.
609 3945 657 4003 L.;
682 3946 768 4005 berne,
786 3946 813 3993 in
830 3945 870 3994 his
890 3945 946 3993 Life
969 3944 997 3992 of
1016 3947 1144 4008 Dunetnn,

132 4069 136 4078 1
196 4015 364 4066 Adelwoldus
383 4014 521 4062 monachus
541 4018 566 4062 et
582 4014 657 4062 Wen·
683 4014 836 4076 improperly
847 4018 926 4062 states
938 4013 992 4062 that
1008 4015 1050 4063 the
1067 4030 1145 4064 coun-

195 4089 271 4135 tanus
281 4086 427 4146 episcopus,
439 4083 469 4132 S.
683 4084 717 4132 cil
727 4083 756 4131 of
764 4083 923 4132 Winchester
941 4084 992 4132 and
1008 4083 1050 4132 the
1067 4099 1144 4134 coun-

235 4153 245 4184 ⁵
274 4156 361 4203 Primo
394 4152 575 4214 wintoniam]
603 4151 657 4198 The
683 4154 717 4201 cil
735 4152 764 4200 of
779 4153 860 4201 Calue
878 4167 946 4200 were
969 4152 1029 4201 both
1051 4154 1143 4202 holden

196 4225 295 4274 council
313 4225 342 4273 of
356 4222 515 4271 winchester
540 4234 658 4282 appears,
682 4221 775 4284 during
796 4222 838 4270 the
860 4222 964 4270 liletime
987 4223 1016 4271 oi
1031 4223 1143 4284 Eadgorr
1167 4243 1169 4248 ·

974 4313 991 4359 S
