3128 4976
227 493 297 538 mn.
314 475 371 555 11.]
455 489 568 536 onsrn
591 489 718 536 aucun
742 489 956 539 uucnonun.
1115 476 1180 542 217

230 645 362 727 speculi
393 645 513 708 vultus
543 645 752 708 intuentium
781 646 1022 710 aemularetur:
1063 666 1180 712 ensem

232 743 455 808 Constantini
473 744 602 824 magni,
626 743 662 805 in
686 763 756 824 quo
779 744 890 827 literis
912 746 1026 808 aureis
1050 766 1179 810 nomen

230 843 365 924 antiqui
385 843 595 924 possessoris
611 843 812 924 legebatur3
829 844 871 919 in
894 845 1018 926 capulo
1040 864 1180 927 quoque

231 962 336 1024 super
352 960 487 1004 crassas
504 941 580 1005 auri
594 941 740 1005 laminas
756 943 892 1006 clavum
908 943 1057 1005 ferreum
1080 942 1180 1005 affix-

231 1060 289 1103 um
322 1059 493 1116 aetheree,
521 1060 628 1103 unum
661 1059 706 1104 ex
723 1047 886 1122 :quatuor
916 1061 1003 1123 quos
1032 1041 1055 1104 J
1058 1041 1181 1106 udaica

232 1139 337 1202 factio
354 1138 529 1202 Dominici
551 1139 705 1220 corporis
727 1147 867 1220 aptarat
889 1140 1081 1222 supplicio:
1105 1141 1179 1203 lan·

233 1257 329 1300 ceam
360 1237 484 1301 Karoli
515 1238 644 1318 magni,
674 1257 780 1320 quam
808 1239 996 1321 imperator
1023 1239 1179 1302 invictis-

233 1337 353 1412 simuS,
375 1343 498 1400 contra
523 1336 715 1399 Saracenos
746 1338 937 1401 exercitum
969 1338 1109 1414 ducenS,
1133 1339 1179 1400 si·

234 1435 373 1518 quando
388 1435 425 1498 in
441 1435 576 1498 hostem
598 1435 769 1511 vibrabat,
792 1455 970 1518 nunquam
986 1435 1052 1499 nisi
1069 1437 1181 1500 victor

231 1535 371 1614 abibat3
402 1535 577 1599 ferebatur
606 1533 726 1597 eadem
756 1553 831 1597 esse
860 1554 950 1616 quae,
978 1528 1179 1598 ¹Dominioo

234 1633 335 1696 lateri
357 1633 576 1696 'centurionis
611 1652 714 1696 manu
746 1633 909 1714 impacta,
935 1633 1079 1715 pretiosi
1106 1634 1181 1697 vul-

234 1733 325 1796 neris
349 1731 445 1795 hiatu
473 1731 680 1795 Paradisum
705 1731 841 1794 miseris
866 1732 1071 1796 mortalibus
1098 1752 1181 1814 ape-

234 1831 323 1895 ruit:
347 1831 515 1894 vexillum
535 1825 717 1906 ²Maurieii
740 1830 930 1894 beatissimi
952 1833 1126 1916 martyris,
1147 1837 1182 1894 et

235 1928 396 2012 Thebaeas
431 1930 578 2016 legionis
610 1929 788 2011 principis
826 1949 895 2011 quo
931 1929 1022 1992 idem
1054 1949 1117 1993 rex
1145 1931 1182 1992 in

234 2029 326 2092 bello
337 2023 513 2110 ³Hispano
526 2029 715 2110 quamlibet
730 2028 875 2092 infestos
887 2035 922 2090 et
933 2028 1106 2093 confertos
1116 2028 1181 2091 ini·

236 2128 404 2190 micorum
428 2146 557 2190 cuneos
575 2126 782 2209 dirumpere,
805 2128 898 2190 etin
915 2127 1033 2208 fugam
1058 2127 1182 2190 solitus

236 2233 311 2289 erat
336 2245 480 2306 cogere:
516 2225 675 2288 diadema
708 2245 753 2288 ex
783 2245 869 2288 auro
896 2225 1032 2307 quidem
1059 2225 1182 2301 multo,

234 2324 295 2387 sed
318 2325 430 2406 magis
454 2325 598 2405 gemmis
623 2325 825 2406 pretiosum,
849 2342 997 2405 quarum
1021 2323 1183 2406 splendor

234 2422 286 2485 ita
306 2423 342 2484 in
367 2421 541 2485 intuentes
566 2420 699 2486 faculas
725 2422 865 2486 luminis
886 2423 1120 2506 jaculabatur,
1143 2430 1183 2486 ut

235 2528 366 2602 quanto
404 2521 481 2602 quis
520 2528 669 2584 certaret
706 2521 818 2584 visum
854 2521 1044 2598 intendere,
1083 2529 1183 2585 tanto

234 2619 345 2700 magis
360 2621 600 2683 reverberatus
617 2627 799 2700 cogeretur
813 2619 953 2682 cedere:
977 2620 1183 2702 particulam

234 2725 365 2782 sanctae
398 2726 434 2782 et
467 2718 652 2781 adorandae
678 2719 790 2782 crucis
815 2717 979 2800 crystallo
1002 2717 1183 2796 inclusam,

235 2818 294 2880 ubi
320 2817 531 2881 soliditatem
558 2817 683 2898 lapidis
708 2816 830 2880 oculus
855 2824 1041 2899 penetrans
1069 2824 1184 2899 potest

236 2915 429 2980 discernere
454 2916 567 2998 qualis
595 2917 640 2980 sit
664 2915 751 2996 ligni
776 2916 883 2993 color,
909 2924 944 2980 et
970 2937 1048 2998 quae
1074 2936 1185 2997 quan·

235 3015 340 3079 titas:
363 3015 620 3097 portiunculam
638 3034 776 3097 quoque
798 3034 934 3079 coronae
957 3016 1099 3098 spineae,
1125 3036 1182 3079 eo-

235 3113 312 3176 dem
339 3115 441 3178 modo
463 3114 646 3188 inclusam,
669 3133 786 3196 quarn,
810 3114 854 3176 ad
877 3114 1082 3178 derisionem
1104 3134 1183 3195 reg-

235 3213 284 3289 ni,
306 3213 466 3276 militaris
496 3213 610 3276 rabies
633 3220 855 3276 sacrosancto
878 3215 1043 3295 imposuit
1065 3215 1184 3296 capiti.

271 3474 279 3506 ¹
301 3476 429 3524 Dominieo
456 3477 529 3526 lateri
550 3475 698 3526 centurionis
723 3475 950 3524 St.Maurioeand
967 3475 1124 3524 thr'l'heban
1135 3477 1185 3525 Le-

236 3561 308 3594 monn
327 3540 454 3614 impacta]
471 3547 546 3594 ‘The
562 3545 655 3606 legend
672 3545 701 3593 os
724 3545 791 3604 gion,
809 3545 835 3590 in
853 3544 896 3592 the
913 3545 981 3592 third
1004 3549 1119 3607 century,
1140 3560 1186 3606 ap-

235 3615 272 3665 St.
287 3615 417 3675 Longinus
439 3615 528 3664 makes
546 3615 589 3662 the
612 3617 698 3661 centu-
723 3627 798 3672 pears
817 3617 844 3660 to
859 3615 890 3661 be
910 3613 1081 3675 apocrypha13
1099 3615 1120 3661 it
1130 3629 1185 3664 was

235 3685 290 3732 rion
313 3684 457 3732 mentioned
479 3685 506 3732 in
532 3683 576 3731 the
600 3682 698 3742 Gospel
724 3682 778 3728 first
795 3682 932 3743 published
949 3685 1026 3731 about
1037 3683 1079 3731 the
1090 3684 1185 3733 middle

236 3753 278 3802 the
297 3767 388 3814 person
399 3752 457 3802 who
474 3753 574 3814 pierced
587 3752 630 3799 the
643 3750 698 3800 side
724 3750 753 3798 of
762 3751 804 3798 the
816 3751 870 3798 fifth
882 3756 986 3812 century
993 3754 1027 3812 by
1034 3753 1186 3815 Eucherius,

236 3823 265 3870 of
278 3837 326 3870 our
345 3821 430 3880 Lord;
452 3823 515 3870 with
533 3836 608 3882 many
627 3820 699 3868 other
725 3819 856 3878 bishopof
871 3821 964 3880 Lyons.
1001 3821 1048 3870 See
1065 3823 1186 3870 edisser-

235 3891 354 3940 fabulous
372 3891 507 3940 additions.
544 3891 592 3939 See
609 3891 667 3938 Jac.
683 3904 699 3937 a
724 3889 803 3936 tetion
819 3904 851 3936 on
868 3890 918 3937 thie
933 3891 1032 3950 subJect
1050 3891 1130 3938 inthe
1141 3892 1186 3939 Bi·

234 3961 371 4022 Voragine‚
389 3961 510 4021 Legenda
533 3959 700 4010 Sanctorum!
725 3956 1185 4020 bliothiqueRaisonnee,tom.xxxV.

235 4028 433 4096 (suanense.)
724 4041 768 4086 pp.
780 4031 923 4076 ‹rar-nr.
1134 4026 1139 4046 ³

272 4099 412 4148 ²Mnnricii
423 4097 560 4146 beatissimi
572 4095 699 4157 nanrtyris,

235 4174 260 4217 et
289 4169 396 4218 Theben
418 4167 523 4228 legionis
548 4163 699 4228 principia]
760 4159 916 4232 ³Hiepnno.]
932 4167 961 4214 G.
971 4165 1005 4214 D.
1015 4167 1047 4214 E.
1057 4166 1106 4226 1..;
1125 4166 1188 4214 Hia-

234 4239 288 4288 The
308 4244 376 4300 story
394 4238 423 4286 of
439 4237 481 4286 the
502 4236 657 4298 martyrdom
674 4235 703 4282 os
724 4235 825 4297 panico,
836 4234 870 4284 A.
883 4235 912 4284 S.
