3112 4968
406 461 474 530 ³04
627 476 740 527 cnsrs
764 477 893 524 arcun
914 475 1133 526 suenorum
1214 461 1306 544 [nm
1319 476 1358 524 11.

408 633 545 709 Emma,
562 633 721 698 Elfredus
744 640 780 697 et
796 632 1000 709 Edwardus,
1021 637 1095 697 toto
1118 636 1357 716 temporeque

408 731 524 796 Cnuto
539 734 642 810 vixit,
658 733 694 795 111
710 732 746 796 N
748 733 930 796 ermannia
944 739 1039 796 tutas
1056 732 1174 796 fovere·
1191 732 1356 796 latebras.

408 832 464 895 De
494 831 631 895 illorum
668 832 704 894 in
735 832 883 914 patriam
912 831 1131 895 restitutione
1166 830 1356 895 Ricardum

402 931 617 994 avunculum
641 930 726 992 nihil
743 931 856 1011 egisse
873 931 1112 1012 comperimus,
1133 931 1220 1013 quin
1239 939 1275 994 et
1298 949 1355 993 so·

401 1049 518 1093 rorem
544 1049 642 1094 snam
668 1029 825 1093 Emmam
852 1029 944 1093 hosti
973 1035 1008 1092 et
1032 1029 1184 1094 invasori
1208 1035 1356 1111 nuptum

404 1128 610 1207 collocavit3
637 1129 776 1210 ignores
800 1127 932 1212 maj0re
963 1122 1073 1191 ¹illius
1102 1128 1268 1191 dedecore
1295 1129 1356 1210 qui

407 1227 550 1303 dederit,
584 1246 629 1290 an
664 1227 816 1291 foeminae
850 1245 928 1310 quae
960 1227 1173 1290 consenserit
1204 1233 1245 1290 ut
1275 1227 1354 1290 tba-

406 1325 498 1388 lamo
517 1325 610 1389 illius
636 1326 764 1390 caleret
793 1327 852 1407 qui
876 1327 988 1390 virum
1013 1325 1241 1402 infestaverit,
1264 1325 1354 1389 filios

400 1424 620 1506 effugaverit.
653 1424 764 1489 Porro
776 1424 961 1502 Robertus,
973 1443 1075 1507 quem
1090 1425 1248 1507 superius
1263 1417 1354 1488 ²dix-

403 1522 494 1596 imus
512 1524 761 1607 lerosolymam
775 1523 891 1601 ivisse,
905 1524 1117 1600 multotiens,
1134 1525 1355 1606 congregatis

406 1623 552 1686 navibus
577 1630 613 1686 et
633 1623 805 1705 impositis
826 1622 1006 1698 militibus,
1021 1623 1275 1704 profectionem.
1291 1642 1355 1706 pa-

406 1722 509 1797 ravit,
526 1721 671 1785 subinde
681 1721 849 1804 jactitans
869 1741 907 1785 se
928 1728 1134 1803 pronepotes
1149 1740 1231 1784 suos
1255 1741 1353 1787 coro-

405 1827 588 1884 naturum:
612 1827 648 1882 et
670 1820 896 1902 proculdubio
913 1819 1015 1883 fidem
1040 1820 1142 1883 dictis
1166 1820 1354 1903 explesset,

404 1916 472 1980 nisi
495 1919 578 2001 quia
600 1916 657 2004 (ut
679 1937 701 1982 a
722 1918 911 2002 majoribus
931 1916 1143 2003 accepimus)
1165 1937 1300 2001 semper
1321 1921 1354 1983 ei

403 2024 530 2081 ventus
561 2017 811 2082 adversabatur
843 2019 1048 2094 contrarius,
1081 2038 1143 2101 per
1179 2019 1354 2083 occultum

401 2117 537 2180 scilicet
551 2116 619 2180 Dei
629 2117 811 2200 judicium,
824 2116 861 2178 in
877 2117 976 2201 cujus
994 2117 1173 2181 voluntate
1196 2125 1277 2181 sunt
1290 2137 1355 2200 po-

404 2221 550 2280 testates
580 2235 767 2297 regnorum
798 2216 961 2280 omnium.
1015 2215 1186 2298 Reliquiae
1212 2217 1352 2294 ratium,

330 2372 333 2377 .
403 2314 513 2379 multo
548 2321 702 2397 tempore
731 2313 988 2392 dissolutarum,
1020 2314 1210 2396 Rotomagi
1240 2316 1354 2380 adbuc

404 2420 525 2477 nostra
541 2420 646 2478 aetate
663 2414 876 2478 visebantur.

274 2541 289 2570 u
306 2530 366 2580 nn«,
455 2512 563 2596 §18L
584 2512 689 2578 Anno
702 2513 950 2579 incarnationis
966 2512 1157 2578 Dominicae
1171 2514 1353 2580 millesimo

293 2609 298 2620 '
358 2609 364 2622 '
402 2609 535 2676 decimo
560 2612 709 2694 septimo
733 2611 849 2677 Cnuto
871 2631 1016 2694 regnare
1035 2613 1153 2696 coepit,
1176 2621 1213 2678 et
1227 2615 1354 2696 viginti

402 2713 503 2785 annis
527 2713 710 2794 regnavit3
740 2711 870 2795 injuste
891 2712 1028 2793 quidem
1048 2731 1194 2793 regnum
1218 2713 1353 2794 ingres·

402 2829 474 2887 sus,
502 2810 564 2875 sed
596 2830 725 2895 magna
756 2811 924 2876 civilitate
950 2818 985 2874 et
1013 2810 1214 2875 fortitudine
1242 2813 1351 2876 vitam

402 2927 622 2992 componens.
676 2909 803 2973 Primis
827 2910 947 2973 diebus
971 2929 1116 2990 regnum
1140 2911 1176 2973 in
1199 2918 1352 2992 quatuor

280 3024 284 3030 ·
400 3009 564 3089 partitus,
602 3008 668 3072 sibi
697 3007 987 3085 west-Saxones,
1027 3008 1151 3072 Edrico
1187 3009 1350 3088 Marcios,

401 3105 562 3171 Turkillo
589 3106 785 3171 orientales
799 3105 947 3188 Anglos,
972 3107 1077 3172 Iricio
1098 3107 1349 3173 Northanbim-

401 3206 503 3270 bros:
530 3225 571 3269 ac
593 3207 704 3288 primo
727 3205 964 3270 interfectores
981 3206 1165 3284 Edmundi,
1182 3209 1241 3290 qui
1256 3209 1349 3273 ultro

400 3321 462 3387 spe
476 3305 629 3387 ingentis
648 3306 782 3389 praemii
797 3325 870 3368 rem
888 3304 1095 3383 detulerant,
1117 3307 1209 3388 apud
1232 3326 1270 3371 se
1294 3309 1348 3372 in-

399 3405 500 3469 terim
525 3406 668 3482 celatos,
683 3423 812 3486 magna
827 3403 1021 3486 frequentia
1042 3405 1162 3487 populi
1184 3406 1351 3488 produxit

398 3502 435 3566 111
450 3505 612 3582 medium,
627 3505 811 3587 palamque
825 3523 935 3585 genus
956 3503 1159 3567 insidiarum
1176 3504 1350 3587 professos

396 3605 569 3687 supplicio
584 3604 707 3667 affecit.
754 3603 954 3685 Eodemque
967 3621 1058 3666 anno
1074 3603 1233 3682 Edricns,
1246 3623 1348 3686 quem

399 3701 502 3783 digne
517 3702 685 3766 infamare
701 3722 770 3765 non
786 3722 941 3784 possum,
952 3701 1055 3785 jussu
1069 3702 1174 3783 regie,
1188 3709 1262 3766 arte
1279 3724 1349 3787 qua

398 3801 526 3866 multos
557 3796 773 3884 *frequenter
802 3802 1076 3866 circumvenerat
1106 3802 1180 3884 ipse
1209 3821 1349 3890 quoque

434 4089 442 4120 ¹
453 4089 549 4152 Illum]
567 4089 596 4138 S.
609 4089 644 4138 D.
656 4089 705 4149 E.;
717 4087 822 4138 omitted
830 4087 856 4134 in
918 4109 929 4142 u
940 4106 1163 4178 Freqmtpqpo
1174 4112 1203 4162 S·
1211 4112 1246 4163 1),
1259 4113 1291 4164 E·
1300 4115 1348 4186 Iaj

396 4159 594 4290 A'fnrssimua]
611 4227 694 4289 eus,
709 4241 735 4287 p.
747 4229 804 4278 nor.
883 4185 941 4230 Μ
952 4181 1106 4276 frequenter,
1118 4181 1147 4230 Ο·
1258 4268 1260 4272 ,
