3106 4974
190 475 263 526 tiu,
280 459 322 548 1.]
419 473 534 524 essm
561 473 689 523 annun
714 473 925 522 nucmuuu.
1105 465 1148 528 19

187 631 336 713 perfidia
360 631 523 700 terribilis
543 633 694 716 exempli
716 642 800 699 uota
822 636 970 717 posteris
987 637 1142 704 inurere·

186 737 258 808 tur,
282 731 387 796 avitis
410 732 535 796 finibus
560 753 652 815 aegre
679 733 760 799 licet
782 737 937 814 retentis,
962 757 1138 820 nunquam

185 831 231 900 ad
244 838 427 914 paternum
441 831 619 914 fastigium
633 835 747 916 potuit
762 835 927 916 aspirare.
950 835 1137 918 Caeterum,

186 937 264 998 tcta
279 931 354 998 vitu
364 932 500 1014 integer
522 932 560 996 in
581 933 660 1011 fide,
675 933 760 997 nihil
773 934 867 1016 quod
881 934 1009 1000 famam
1031 936 1136 1002 laede·
1193 928 1196 934 ’

184 1037 239 1098 ret
254 1029 447 1099 commisit:
470 1033 716 1098 monasterium
730 1052 869 1116 quoque
883 1028 1002 1100 ¹extra
1018 1055 1135 1101 muros

185 1128 401 1208 cantuariae,
431 1131 536 1213 quod.
563 1140 663 1214 pater
690 1132 907 1211 tirudavemt,
935 1135 1135 1216 ingentibus

184 1230 328 1312 praediis
352 1238 387 1298 et
404 1230 625 1313 amplissimis
638 1232 792 1299 donanis
812 1233 1024 1300 illustravit:
1047 1255 1134 1318 quc·

184 1349 262 1400 ram
285 1330 407 1398 laudes
429 1337 465 1397 et
488 1332 612 1396 merita
636 1351 755 1396 omnes
770 1330 880 1414 Angli
901 1334 1076 1416 suspicere
1098 1344 1134 1400 et

183 1429 376 1511 predicare
389 1429 574 1507 debebunt,
586 1431 681 1514 quod
696 1431 929 1495 Christianam
940 1433 1043 1498 fidem
1063 1435 1135 1500 leni

183 1529 390 1596 credulitate
401 1537 439 1597 et
453 1530 593 1596 credula
606 1531 750 1595 lenitate
764 1528 906 1612 Angliae
923 1532 1134 1597 invalescere

183 1630 413 1711 permiserint.
466 1628 555 1707 Quis
569 1631 663 1694 euim
685 1649 754 1694 non
770 1629 923 1714 jocunde
937 1633 1135 1715 speculetur

182 1736 354 1810 quantum
375 1729 535 1810 aequitati
555 1729 751 1807 conveniat,
771 1738 941 1814 quantum
961 1731 1135 1796 dulcedini

182 1829 347 1896 concinat
359 1847 564 1912 responsum
585 1829 671 1893 illud
692 1830 784 1912 regis
799 1829 1018 1908 Ethelbirhti,
1040 1833 1133 1913 quod

182 1947 262 1999 eum
286 1929 408 2010 prima
434 1928 672 2010 praedicutioni
686 1927 877 2012 Augustini
897 1923 1014 1996 ²Beda
1038 1939 1134 1996 retu·

182 2027 265 2094 lissa
280 2035 404 2094 namet
415 2029 552 2092 t--non
567 2047 669 2111 posse
685 2047 723 2093 se
739 2049 840 2095 novae
856 2036 961 2093 sectae
975 2037 1048 2094 tam
1063 2017 1143 2095 cito'

182 2127 338 2196 autunum
359 2126 533 2205 adhibere,
561 2128 691 2192 relictis
717 2129 866 2194 cultibus
887 2147 977 2210 quos
998 2147 1134 2211 semper

183 2228 379 2297 exercuerit
413 2246 491 2292 cum
520 2235 597 2314 totu
622 2225 817 2309 Anglcrnm
844 2235 984 2311 gentc;·
1007 2245 1133 2292 rerun-

184 2333 302 2397 auen
329 2327 426 2396 nulla
452 2327 532 2392 illos
556 2327 715 2392 molestia
741 2327 1011 2403 exacerbandos,
1045 2328 1132 2410 quin

184 2419 318 2508 *potius
333 2427 588 2510 praedicationis
601 2427 771 2509 permissu
786 2436 821 2492 et
834 2427 949 2509 amplo
961 2427 1056 2492 victu
1073 2425 1133 2511 ju-

183 2527 329 2604 vendes,
346 2526 438 2610 quod
458 2533 529 2592 tam
551 2526 692 2608 longam
709 2545 731 2589 a
753 2525 863 2590 natali
884 2525 959 2589 solo
982 2527 1135 2607 peregri-

183 2627 360 2696 nationem
378 2625 596 2708 susceperint
617 2633 658 2690 ut
671 2623 798 2706 Anglis
816 2642 895 2706 quea
918 2625 1048 2706 optima
1070 2615 1135 2706 pu·

184 2728 308 2796 tabant
351 2725 557 2808 indulgenti.
582 2725 795 2807 benignitate
828 2722 1133 2789 communicarent.

186 2825 221 2898 N
221 2847 262 2892 ac
276 2825 368 2892 intra
375 2824 770 2909 promissionemsactum
779 2824 846 2890 fuit
860 2817 1063 2900 *remissius
1072 2823 1134 2888 do-

46 2927 74 2966 ’·-
186 2945 248 2992 nec
270 2926 399 2994 sensim
424 2926 606 3007 explorata
632 2924 711 2988 fidei
733 2923 879 2996 veritate
901 2937 937 2988 et
959 2924 1034 3005 ipse
1056 2943 1135 2988 cum

184 3025 350 3110 subjectis
390 3045 532 3092 numero
559 3023 711 3088 fidelium
737 3025 889 3090 sociatus
920 3030 988 3088 est.
1041 3021 1135 3101 Quid

184 3125 274 3198 istet
298 3145 413 3192 noune
428 3125 539 3208 primo
553 3131 707 3206 tempore
722 3125 833 3206 magis
846 3121 962 3188 caruis
973 3121 1136 3186 illecebra

185 3245 290 3307 quum
314 3225 419 3288 animi
444 3222 676 3288 obstinatione
705 3223 859 3300 devians,
888 3241 1050 3304 magnam
1081 3229 1135 3285 ta-

183 3344 263 3388 men
293 3324 377 3390 vitce
414 3324 615 3407 pontificum
649 3323 835 3388 exhibebat
867 3321 1135 3398 venerationem,

183 3443 331 3506 quorum
365 3423 562 3508 negligebat
587 3421 714 3488 fidcmt
744 3423 904 3505 denique,
924 3431 964 3484 ut
983 3419 1068 3496 dixi,
1090 3421 1135 3483 ob

183 3524 287 3590 unius
299 3523 402 3598 facile
418 3542 606 3588 conversus
622 3521 797 3608 iniuriam,
812 3539 940 3600 magno
962 3525 1135 3582 momento

184 3622 458 3690 Christianitatis
472 3617 681 3705 augmentis
695 3620 772 3687 fuit.
804 3618 918 3684 Ambo
927 3610 1136 3701 igitur⁶lau-

56 3773 59 3778 ,
184 3721 329 3800 (labiles,
358 3725 459 3791 ambo
487 3721 682 3807 profusiora
709 3720 884 3804 praeconia
911 3717 1056 3798 emeriti,
1091 3705 1138 3782 si-

221 3931 227 3962 ¹
239 3935 324 3983 Extra
334 3950 416 3984 muros
427 3933 593 3997 Centauris]
610 3931 648 3982 st.
709 3931 719 3962 ⁸
733 3919 904 3994 Augurium]
914 3923 943 3974 S.
956 3923 991 3971 D.
999 3923 1031 3972 E.
1041 3921 1073 3970 L.
1082 3917 1136 3980 M.;

182 4005 363 4067 Augustiue’s.
675 4000 849 4060 augmentum,
861 3992 894 4042 A.
909 3995 940 4041 G.

219 4071 331 4140 ’Bedu.]
339 4073 472 4134 Beda,lib.
481 4084 500 4123 1.
509 4089 532 4122 c.
540 4071 649 4134 2b,§55.
1097 4127 1103 4139 ι
1120 4127 1125 4140 .

218 4141 232 4172 '³
243 4141 663 4208 Ροιι“ιιε.]1>.Ε.1;.Μ.μιῐίιιηιᾼλἰ
710 4132 723 4164 '⁶
734 4131 903 4196 Laudabilea]
920 4129 953 4180 A.
971 4125 1046 4178 reads
1062 4125 1140 4177 ‘viri'
1210 4167 1211 4170 ,

188 4213 202 4228 ’“
223 4211 233 4242 ⁴
245 4213 404 4276 Remuria]
420 4213 453 4264 A.
465 4213 500 4264 D.
512 4214 546 4264 Ε.
556 4213 586 4263 L.
597 4211 653 4272 M.;
679 4206 744 4256 aiter
762 4203 919 4254 ‘laudabiles
927 4201 943 4264 ς’
961 4200 990 4250 S.
1011 4201 1040 4250 C.
1059 4199 1093 4248 D.
1107 4199 1140 4248 Ε.

188 4285 218 4336 S.
233 4284 512 4335 C.omit‘remissius.’
679 4278 710 4327 t.
723 4277 761 4326 M.
773 4271 928 4324 omit‘viri.'
974 4343 990 4388 2

949 4353 964 4389 c
