<?xml version="1.0" encoding="UTF-8"?>
<!DOCTYPE html PUBLIC "-//W3C//DTD XHTML 1.0 Transitional//EN"
    "http://www.w3.org/TR/xhtml1/DTD/xhtml1-transitional.dtd">
<html xmlns="http://www.w3.org/1999/xhtml" xml:lang="en" lang="en">
 <head>
  <title>
</title>
<meta http-equiv="Content-Type" content="text/html;charset=utf-8" />
  <meta name='ocr-system' content='tesseract 3.04.00' />
  <meta name='ocr-capabilities' content='ocr_page ocr_carea ocr_par ocr_line ocrx_word'/>
</head>
<body>
  <div class='ocr_page' id='page_1' title='image "./willelmimalmesb00willgoog_0158.png"; bbox 0 0 3162 4972; ppageno 0'>
   <div class='ocr_carea' id='block_1_1' title="bbox 8 11 385 230">
    <p class='ocr_par' dir='ltr' id='par_1_1' title="bbox 8 11 385 230">
     <span class='ocr_line' id='line_1_1' title="bbox 10 11 21 21; baseline 0 0"><span class='ocrx_word' id='word_1_1' title='bbox 10 11 21 21; x_wconf 74' lang='lat' dir='ltr'><em>l</em></span> 
     </span>
     <span class='ocr_line' id='line_1_2' title="bbox 86 56 385 188; baseline -0.219 -48.624"><span class='ocrx_word' id='word_1_2' title='bbox 86 56 385 188; x_wconf 56' lang='lat' dir='ltr'>„s</span> 
     </span>
     <span class='ocr_line' id='line_1_3' title="bbox 28 193 73 218; baseline 0 0"><span class='ocrx_word' id='word_1_3' title='bbox 28 193 73 218; x_wconf 44' lang='lat' dir='ltr'>lv!</span> 
     </span>
     <span class='ocr_line' id='line_1_4' title="bbox 8 220 27 230; baseline 0 0"><span class='ocrx_word' id='word_1_4' title='bbox 8 220 27 230; x_wconf 72' lang='lat'>1¹*</span> 
     </span>
    </p>
   </div>
   <div class='ocr_carea' id='block_1_2' title="bbox 397 475 1351 558">
    <p class='ocr_par' dir='ltr' id='par_1_2' title="bbox 397 475 1351 558">
     <span class='ocr_line' id='line_1_5' title="bbox 397 475 1351 558; baseline -0.002 -20"><span class='ocrx_word' id='word_1_5' title='bbox 397 475 463 541; x_wconf 81' lang='grc'>142</span> <span class='ocrx_word' id='word_1_6' title='bbox 615 492 728 542; x_wconf 75' lang='lat' dir='ltr'>ensra</span> <span class='ocrx_word' id='word_1_7' title='bbox 755 493 882 541; x_wconf 79' lang='lat' dir='ltr'>nneuu</span> <span class='ocrx_word' id='word_1_8' title='bbox 907 492 1122 541; x_wconf 71' lang='lat' dir='ltr'>anctorum,</span> <span class='ocrx_word' id='word_1_9' title='bbox 1221 475 1310 558; x_wconf 83' lang='lat' dir='ltr'>[mn.</span> <span class='ocrx_word' id='word_1_10' title='bbox 1329 489 1351 536; x_wconf 81' lang='grc' dir='ltr'>ι.</span> 
     </span>
    </p>
   </div>
   <div class='ocr_carea' id='block_1_3' title="bbox 391 650 1350 1233">
    <p class='ocr_par' dir='ltr' id='par_1_3' title="bbox 391 650 1350 1233">
     <span class='ocr_line' id='line_1_6' title="bbox 446 650 1350 735; baseline 0.001 -21"><span class='ocrx_word' id='word_1_11' title='bbox 446 651 464 734; x_wconf 58' lang='grc' dir='ltr'>ᾗ</span> <span class='ocrx_word' id='word_1_12' title='bbox 477 651 553 714; x_wconf 83' lang='grc'><strong>105.</strong></span> <span class='ocrx_word' id='word_1_13' title='bbox 572 650 642 715; x_wconf 84' lang='lat' dir='ltr'>Hae</span> <span class='ocrx_word' id='word_1_14' title='bbox 658 659 758 715; x_wconf 90' lang='lat' dir='ltr'>erant</span> <span class='ocrx_word' id='word_1_15' title='bbox 768 650 974 734; x_wconf 79' lang='lat' dir='ltr'><strong>partitiones</strong></span> <span class='ocrx_word' id='word_1_16' title='bbox 985 670 1183 732; x_wconf 83' lang='lat' dir='ltr'>regnorum,</span> <span class='ocrx_word' id='word_1_17' title='bbox 1194 651 1350 735; x_wconf 88' lang='lat' dir='ltr'>quamvis</span> 
     </span>
     <span class='ocr_line' id='line_1_7' title="bbox 394 750 1349 833; baseline 0.003 -20"><span class='ocrx_word' id='word_1_18' title='bbox 394 769 494 832; x_wconf 82' lang='lat' dir='ltr'>reges</span> <span class='ocrx_word' id='word_1_19' title='bbox 508 771 571 833; x_wconf 91' lang='lat' dir='ltr'>pro</span> <span class='ocrx_word' id='word_1_20' title='bbox 587 751 823 815; x_wconf 89' lang='lat' dir='ltr'>vicissitudine</span> <span class='ocrx_word' id='word_1_21' title='bbox 847 759 1054 833; x_wconf 90' lang='lat' dir='ltr'>temporum,</span> <span class='ocrx_word' id='word_1_22' title='bbox 1068 751 1171 815; x_wconf 92' lang='lat' dir='ltr'>modo</span> <span class='ocrx_word' id='word_1_23' title='bbox 1183 750 1232 828; x_wconf 89' lang='lat' dir='ltr'>hi,</span> <span class='ocrx_word' id='word_1_24' title='bbox 1248 752 1349 816; x_wconf 91' lang='lat' dir='ltr'>modo</span> 
     </span>
     <span class='ocr_line' id='line_1_8' title="bbox 393 851 1350 933; baseline 0.002 -21"><span class='ocrx_word' id='word_1_25' title='bbox 393 851 455 926; x_wconf 92' lang='lat' dir='ltr'>illi,</span> <span class='ocrx_word' id='word_1_26' title='bbox 482 852 647 916; x_wconf 87' lang='lat' dir='ltr'>terminos</span> <span class='ocrx_word' id='word_1_27' title='bbox 670 851 1023 933; x_wconf 73' lang='lat' dir='ltr'>praetergrederentur</span> <span class='ocrx_word' id='word_1_28' title='bbox 1048 871 1111 933; x_wconf 85' lang='lat' dir='ltr'>pro</span> <span class='ocrx_word' id='word_1_29' title='bbox 1137 851 1350 930; x_wconf 83' lang='lat' dir='ltr'>fortitudine,</span> 
     </span>
     <span class='ocr_line' id='line_1_9' title="bbox 393 949 1349 1033; baseline -0.001 -18"><span class='ocrx_word' id='word_1_30' title='bbox 393 950 448 1015; x_wconf 87' lang='lat' dir='ltr'>vel</span> <span class='ocrx_word' id='word_1_31' title='bbox 463 970 526 1032; x_wconf 93' lang='lat' dir='ltr'>pro</span> <span class='ocrx_word' id='word_1_32' title='bbox 540 951 683 1032; x_wconf 83' lang='lat' dir='ltr'>ignavia</span> <span class='ocrx_word' id='word_1_33' title='bbox 704 951 924 1016; x_wconf 86' lang='lat' dir='ltr'>amitterent:</span> <span class='ocrx_word' id='word_1_34' title='bbox 955 949 1016 1014; x_wconf 88' lang='lat' dir='ltr'>sed</span> <span class='ocrx_word' id='word_1_35' title='bbox 1040 950 1103 1014; x_wconf 86' lang='lat' dir='ltr'>has</span> <span class='ocrx_word' id='word_1_36' title='bbox 1127 970 1246 1015; x_wconf 89' lang='lat' dir='ltr'>omnes</span> <span class='ocrx_word' id='word_1_37' title='bbox 1271 971 1349 1033; x_wconf 56' lang='lat' dir='ltr'>rego</span> 
     </span>
     <span class='ocr_line' id='line_1_10' title="bbox 392 1050 1347 1133; baseline 0.004 -21"><span class='ocrx_word' id='word_1_38' title='bbox 392 1069 514 1114; x_wconf 87' lang='lat' dir='ltr'>norum</span> <span class='ocrx_word' id='word_1_39' title='bbox 544 1052 731 1115; x_wconf 89' lang='lat' dir='ltr'>varietates</span> <span class='ocrx_word' id='word_1_40' title='bbox 756 1050 946 1133; x_wconf 84' lang='lat' dir='ltr'>Egbirhtus</span> <span class='ocrx_word' id='word_1_41' title='bbox 975 1051 1080 1116; x_wconf 87' lang='lat' dir='ltr'>animi</span> <span class='ocrx_word' id='word_1_42' title='bbox 1111 1051 1347 1132; x_wconf 84' lang='lat' dir='ltr'>magnitudine</span> 
     </span>
     <span class='ocr_line' id='line_1_11' title="bbox 391 1147 1346 1233; baseline 0.004 -21"><span class='ocrx_word' id='word_1_43' title='bbox 391 1150 614 1232; x_wconf 83' lang='lat' dir='ltr'>compescuit,</span> <span class='ocrx_word' id='word_1_44' title='bbox 639 1158 674 1215; x_wconf 89' lang='lat' dir='ltr'>et</span> <span class='ocrx_word' id='word_1_45' title='bbox 696 1169 750 1227; x_wconf 85' lang='lat' dir='ltr'>aa,</span> <span class='ocrx_word' id='word_1_46' title='bbox 771 1151 832 1214; x_wconf 92' lang='lat' dir='ltr'>uni</span> <span class='ocrx_word' id='word_1_47' title='bbox 856 1147 1098 1233; x_wconf 72' lang='lat' dir='ltr'>conquadrans</span> <span class='ocrx_word' id='word_1_48' title='bbox 1121 1151 1278 1233; x_wconf 86' lang='lat' dir='ltr'>imperio,</span> <span class='ocrx_word' id='word_1_49' title='bbox 1302 1154 1346 1216; x_wconf 88' lang='lat' dir='ltr'>ad</span> 
     </span>
    </p>
   </div>
   <div class='ocr_carea' id='block_1_4' title="bbox 390 1250 1572 1334">
    <p class='ocr_par' dir='ltr' id='par_1_4' title="bbox 390 1250 1572 1334">
     <span class='ocr_line' id='line_1_12' title="bbox 390 1250 1572 1334; baseline 0.002 -22"><span class='ocrx_word' id='word_1_50' title='bbox 390 1250 560 1314; x_wconf 80' lang='lat' dir='ltr'>uniforme</span> <span class='ocrx_word' id='word_1_51' title='bbox 585 1251 784 1328; x_wconf 84' lang='lat' dir='ltr'>dominium,</span> <span class='ocrx_word' id='word_1_52' title='bbox 810 1269 953 1315; x_wconf 82' lang='lat' dir='ltr'>servans</span> <span class='ocrx_word' id='word_1_53' title='bbox 979 1250 1166 1334; x_wconf 88' lang='lat' dir='ltr'>unicuique</span> <span class='ocrx_word' id='word_1_54' title='bbox 1189 1251 1347 1333; x_wconf 84' lang='lat' dir='ltr'>proprias</span> <span class='ocrx_word' id='word_1_55' title='bbox 1422 1271 1426 1277; x_wconf 87' lang='lat'>·</span> <span class='ocrx_word' id='word_1_56' title='bbox 1486 1278 1488 1282; x_wconf 94' lang='lat'>·</span> <span class='ocrx_word' id='word_1_57' title='bbox 1570 1257 1572 1276; x_wconf 35' lang='lat' dir='ltr'>t</span> 
     </span>
    </p>
   </div>
   <div class='ocr_carea' id='block_1_5' title="bbox 387 1343 1344 1633">
    <p class='ocr_par' dir='ltr' id='par_1_5' title="bbox 387 1343 1344 1633">
     <span class='ocr_line' id='line_1_13' title="bbox 389 1343 1344 1432; baseline 0.001 -20"><span class='ocrx_word' id='word_1_58' title='bbox 389 1349 496 1432; x_wconf 76' lang='lat' dir='ltr'>lagae,</span> <span class='ocrx_word' id='word_1_59' title='bbox 509 1351 660 1416; x_wconf 88' lang='lat' dir='ltr'>vocavit.</span> <span class='ocrx_word' id='word_1_60' title='bbox 695 1349 869 1428; x_wconf 84' lang='lat' dir='ltr'>Quocirca</span> <span class='ocrx_word' id='word_1_61' title='bbox 879 1351 974 1432; x_wconf 88' lang='lat' dir='ltr'>quia,</span> <span class='ocrx_word' id='word_1_62' title='bbox 983 1350 1025 1414; x_wconf 91' lang='lat' dir='ltr'>de</span> <span class='ocrx_word' id='word_1_63' title='bbox 1038 1343 1249 1416; x_wconf 87' lang='lat' dir='ltr'>¹recensione</span> <span class='ocrx_word' id='word_1_64' title='bbox 1259 1357 1344 1414; x_wconf 91' lang='lat' dir='ltr'>tem-</span> 
     </span>
     <span class='ocr_line' id='line_1_14' title="bbox 389 1450 1342 1534; baseline 0.001 -22"><span class='ocrx_word' id='word_1_65' title='bbox 389 1469 511 1531; x_wconf 85' lang='lat' dir='ltr'>porum</span> <span class='ocrx_word' id='word_1_66' title='bbox 535 1450 637 1514; x_wconf 89' lang='lat' dir='ltr'>fidem</span> <span class='ocrx_word' id='word_1_67' title='bbox 657 1450 821 1533; x_wconf 83' lang='lat' dir='ltr'>placitam</span> <span class='ocrx_word' id='word_1_68' title='bbox 837 1451 1033 1527; x_wconf 78' lang='lat' dir='ltr'>absolvenS,</span> <span class='ocrx_word' id='word_1_69' title='bbox 1048 1450 1142 1515; x_wconf 92' lang='lat' dir='ltr'>ultra</span> <span class='ocrx_word' id='word_1_70' title='bbox 1163 1450 1239 1534; x_wconf 86' lang='lat' dir='ltr'>ejus</span> <span class='ocrx_word' id='word_1_71' title='bbox 1256 1457 1342 1514; x_wconf 89' lang='lat' dir='ltr'>tem-</span> 
     </span>
     <span class='ocr_line' id='line_1_15' title="bbox 387 1549 1341 1633; baseline -0.001 -20"><span class='ocrx_word' id='word_1_72' title='bbox 387 1569 475 1633; x_wconf 87' lang='lat' dir='ltr'>pora</span> <span class='ocrx_word' id='word_1_73' title='bbox 496 1550 647 1628; x_wconf 61' lang='lat' dir='ltr'>excurri</span> <span class='ocrx_word' id='word_1_74' title='bbox 671 1549 727 1613; x_wconf 93' lang='lat' dir='ltr'>hic</span> <span class='ocrx_word' id='word_1_75' title='bbox 750 1550 855 1632; x_wconf 84' lang='lat' dir='ltr'>figam</span> <span class='ocrx_word' id='word_1_76' title='bbox 878 1557 1007 1614; x_wconf 90' lang='lat' dir='ltr'>metam</span> <span class='ocrx_word' id='word_1_77' title='bbox 1030 1551 1141 1633; x_wconf 92' lang='lat' dir='ltr'>primo</span> <span class='ocrx_word' id='word_1_78' title='bbox 1162 1551 1341 1627; x_wconf 88' lang='lat' dir='ltr'>volumini,</span> 
     </span>
    </p>
   </div>
   <div class='ocr_carea' id='block_1_6' title="bbox 344 1649 1342 1732">
    <p class='ocr_par' dir='ltr' id='par_1_6' title="bbox 344 1649 1342 1732">
     <span class='ocr_line' id='line_1_16' title="bbox 344 1649 1342 1732; baseline 0.004 -21"><span class='ocrx_word' id='word_1_79' title='bbox 344 1707 346 1711; x_wconf 91' lang='lat'>.</span> <span class='ocrx_word' id='word_1_80' title='bbox 388 1657 428 1713; x_wconf 89' lang='lat' dir='ltr'>ut</span> <span class='ocrx_word' id='word_1_81' title='bbox 450 1649 640 1713; x_wconf 83' lang='lat' dir='ltr'>multifidus</span> <span class='ocrx_word' id='word_1_82' title='bbox 662 1656 790 1714; x_wconf 88' lang='lat' dir='ltr'>trames</span> <span class='ocrx_word' id='word_1_83' title='bbox 813 1669 998 1732; x_wconf 84' lang='lat' dir='ltr'>regnorum</span> <span class='ocrx_word' id='word_1_84' title='bbox 1025 1651 1063 1714; x_wconf 92' lang='lat' dir='ltr'>in</span> <span class='ocrx_word' id='word_1_85' title='bbox 1089 1650 1193 1715; x_wconf 86' lang='lat' dir='ltr'>unius</span> <span class='ocrx_word' id='word_1_86' title='bbox 1223 1650 1342 1716; x_wconf 89' lang='lat' dir='ltr'>West-</span> 
     </span>
    </p>
   </div>
   <div class='ocr_carea' id='block_1_7' title="bbox 388 1748 1036 1834">
    <p class='ocr_par' dir='ltr' id='par_1_7' title="bbox 388 1748 1036 1834">
     <span class='ocr_line' id='line_1_17' title="bbox 388 1748 1036 1834; baseline 0.002 -21"><span class='ocrx_word' id='word_1_87' title='bbox 388 1749 553 1814; x_wconf 84' lang='lat' dir='ltr'>Saxonici</span> <span class='ocrx_word' id='word_1_88' title='bbox 569 1748 772 1814; x_wconf 85' lang='lat' dir='ltr'>terminetur</span> <span class='ocrx_word' id='word_1_89' title='bbox 783 1750 1036 1834; x_wconf 89' lang='lat' dir='ltr'>compendium.</span> 
     </span>
    </p>
   </div>
   <div class='ocr_carea' id='block_1_8' title="bbox 446 1965 1280 2116">
    <p class='ocr_par' dir='ltr' id='par_1_8' title="bbox 446 1965 1280 2116">
     <span class='ocr_line' id='line_1_18' title="bbox 446 1965 1280 2016; baseline 0.004 -5"><span class='ocrx_word' id='word_1_90' title='bbox 446 1965 618 2012; x_wconf 77' lang='lat' dir='ltr'>EXPLICIT</span> <span class='ocrx_word' id='word_1_91' title='bbox 634 1965 741 2013; x_wconf 82' lang='lat' dir='ltr'>LIBER</span> <span class='ocrx_word' id='word_1_92' title='bbox 758 1965 896 2015; x_wconf 84' lang='lat' dir='ltr'>PRIMUS</span> <span class='ocrx_word' id='word_1_93' title='bbox 912 1966 1098 2016; x_wconf 80' lang='lat' dir='ltr'>WILLELMI</span> <span class='ocrx_word' id='word_1_94' title='bbox 1116 1966 1280 2014; x_wconf 73' lang='lat' dir='ltr'><strong>MALMsss·</strong></span> 
     </span>
     <span class='ocr_line' id='line_1_19' title="bbox 762 2067 1054 2116; baseline 0.01 -3"><span class='ocrx_word' id='word_1_95' title='bbox 762 2067 951 2116; x_wconf 81' lang='lat' dir='ltr'>BIRIENSIS·</span> <span class='ocrx_word' id='word_1_96' title='bbox 1052 2067 1054 2070; x_wconf 73' lang='grc'><strong>’</strong></span> 
     </span>
    </p>
   </div>
   <div class='ocr_carea' id='block_1_9' title="bbox 528 2278 1185 2352">
    <p class='ocr_par' dir='ltr' id='par_1_9' title="bbox 528 2278 1185 2352">
     <span class='ocr_line' id='line_1_20' title="bbox 528 2278 1185 2352; baseline 0.011 -21"><span class='ocrx_word' id='word_1_97' title='bbox 528 2278 712 2352; x_wconf 72' lang='lat' dir='ltr'>¹ssecencieoa]</span> <span class='ocrx_word' id='word_1_98' title='bbox 726 2287 770 2349; x_wconf 79' lang='lat' dir='ltr'>S.;</span> <span class='ocrx_word' id='word_1_99' title='bbox 782 2287 957 2349; x_wconf 86' lang='lat' dir='ltr'>recensitione,</span> <span class='ocrx_word' id='word_1_100' title='bbox 972 2289 1001 2338; x_wconf 76' lang='lat' dir='ltr'>C.</span> <span class='ocrx_word' id='word_1_101' title='bbox 1014 2289 1049 2338; x_wconf 91' lang='lat' dir='ltr'>D.</span> <span class='ocrx_word' id='word_1_102' title='bbox 1061 2290 1094 2338; x_wconf 88' lang='grc' dir='ltr'>Ε.</span> <span class='ocrx_word' id='word_1_103' title='bbox 1106 2290 1137 2338; x_wconf 87' lang='lat' dir='ltr'>L.</span> <span class='ocrx_word' id='word_1_104' title='bbox 1147 2289 1185 2338; x_wconf 85' lang='lat' dir='ltr'>M.</span> 
     </span>
    </p>
   </div>
   <div class='ocr_carea' id='block_1_10' title="bbox 0 0 1586 4972">
    <p class='ocr_par' dir='ltr' id='par_1_10' title="bbox 0 0 1586 4972">
     <span class='ocr_line' id='line_1_21' title="bbox 0 0 1586 4972; baseline 0 8"><span class='ocrx_word' id='word_1_105' title='bbox 0 0 1586 4972; x_wconf 95' lang='lat' dir='ltr'> </span> 
     </span>
    </p>
   </div>
  </div>
 </body>
</html>
