3162 4972
418 443 484 508 iso
645 459 759 510 crsrs
781 459 909 507 uecors
932 457 1147 506 suetonum
1243 445 1328 525 [urs.
1346 461 1371 507 1.

417 617 587 702 nimisque
603 617 838 695 collaudastis,
860 617 963 682 sicuti
984 623 1020 681 et
1041 623 1096 681 est
1109 615 1271 683 videlicet
1284 611 1373 682 ¹cla-

417 719 572 782 sissimus
596 726 702 800 atque
726 718 967 801 peritissimus
993 723 1029 780 et
1052 715 1134 799 quia
1155 716 1253 781 illum
1276 719 1373 783 scitis

417 818 632 900 prudentem,
660 807 772 882 bonis⁴
785 825 944 881 ornatum
968 817 1131 893 moribus,
1148 818 1225 882 Deo
1248 825 1285 882 et
1308 818 1371 881 ho-

417 917 568 982 minibus
590 917 753 1000 dignum3
777 937 856 982 ecce
879 915 947 1003 (fili
968 916 1165 981 dulcissime
1191 924 1227 981 et
1251 936 1371 980 aman-

417 1018 549 1082 tissime
574 1024 679 1099 atque
702 1017 1002 1100 praestantissime,
1023 1036 1088 1080 rex
1112 1013 1232 1101 bone)
1255 1016 1292 1080 in
1317 1017 1373 1081 bis

417 1117 487 1181 tuis
517 1117 765 1182 assertionibus
794 1117 1031 1182 collaudamus
1062 1115 1177 1180 Deum
1213 1117 1369 1200 omnipo·

417 1224 548 1282 tentem
573 1218 633 1302 qui
654 1217 760 1282 talem
773 1217 872 1282 vobis
892 1216 1144 1282 demonstravit
1165 1216 1369 1290 antistitem,

417 1317 488 1398 qui,
503 1319 593 1382 sicut
607 1337 709 1383 verus
732 1325 863 1400 pastor,
878 1317 1028 1380 indicere
1044 1315 1157 1381 verbis
1180 1316 1369 1394 secundum

416 1416 609 1482 doctrinam
622 1427 820 1482 sanctarum
843 1417 1090 1499 seripturarum
1102 1415 1242 1498 dignam
1258 1416 1370 1497 poeni·

416 1518 560 1582 tentiam
575 1518 680 1594 valet,
701 1525 737 1582 et
750 1536 880 1594 eruere,
896 1517 956 1600 qui
978 1517 1042 1580 sub
1056 1516 1186 1580 ditione
1209 1517 1368 1580 sacerdo·

417 1617 480 1680 tali
494 1618 569 1701 ejus
583 1618 750 1693 existunt,
767 1617 901 1681 animas
923 1635 1041 1680 eorum
1063 1636 1109 1680 ex
1130 1615 1264 1680 inferno
1282 1617 1368 1680 infe-

416 1717 518 1793 riore,
544 1730 580 1780 et
606 1718 650 1782 ab
676 1717 756 1798 igne
777 1715 1034 1798 inextinguibili
1055 1716 1227 1780 deducens
1251 1735 1310 1780 eos
1333 1724 1369 1781 et

416 1815 637 1881 infraducens
652 1816 689 1879 in
704 1823 843 1898 portum
865 1817 1000 1892 salutis,
1024 1823 1059 1881 et
1078 1815 1199 1880 offerre
1213 1835 1277 1897 pro
1298 1816 1367 1880 illis

417 1913 567 1979 hostiam
578 1916 717 1998 dignam
728 1923 763 1979 et
772 1916 1028 1980 immaculatam
1036 1915 1072 1979 in
1082 1922 1269 1997 conspectu
1278 1915 1366 1980 divi·

418 2034 472 2078 nae
488 2015 682 2099 majestatis
696 2016 924 2098 omnipotenti
939 2017 1027 2079 Deo.
1065 2015 1112 2079 Et
1126 2015 1209 2097 quia
1221 2015 1365 2079 multum

417 2115 516 2179 nobis
532 2117 801 2198 praenominatus
815 2115 1093 2198 archiepiscopus
1109 2116 1146 2179 in
1159 2116 1252 2178 omui
1266 2134 1367 2179 sane-

417 2213 519 2279 titete
544 2223 666 2280 suaet
691 2217 774 2281 vitae
799 2215 1062 2282 conversatione
1089 2215 1181 2278 ultro
1211 2215 1367 2297 citroque

416 2314 559 2396 placuit,
573 2316 675 2381 valde
698 2316 801 2379 nimis
826 2317 858 2379 ei
877 2315 1071 2391 credentes
1094 2335 1139 2379 ex
1161 2316 1367 2379 auctoritate

416 2415 449 2478 ei
471 2416 565 2480 beati
592 2415 690 2481 Petri
715 2415 951 2498 apostolorum
979 2415 1157 2497 principis,
1186 2414 1286 2498 cujus
1311 2415 1367 2480 vel

415 2513 577 2581 immeriti
593 2515 687 2581 vices
715 2517 877 2598 gerimus
892 2514 997 2579 talem
1012 2513 1221 2598 praebuimus
1235 2534 1366 2597 praesu·

414 2613 536 2693 latum,
557 2623 597 2682 ut
616 2616 647 2680 si
669 2616 841 2699 quispiam
862 2635 907 2679 ex
931 2614 1095 2699 subjectis
1120 2615 1205 2692 suis,
1219 2621 1292 2678 tam
1314 2635 1368 2678 re«

415 2715 516 2796 gibus
541 2724 577 2780 et
605 2716 815 2800 principibus
839 2734 1011 2797 quamque
1037 2715 1198 2780 universo
1227 2714 1366 2796 populo,

415 2822 651 2897 transgressus
665 2815 962 2880 fueritDominioa
976 2815 1151 2891 mandata,
1168 2834 1365 2878 excommu-

415 2916 508 2979 nicet
527 2935 605 2980 eum
619 2935 730 2997 usque
752 2915 934 2998 poeniteat,
954 2923 1002 2992 et,
1024 2914 1054 2977 si
1075 2913 1297 2996 impoenitens
1311 2914 1365 2978 lu·

414 3014 492 3092 erit,
514 3014 561 3078 sit
576 3016 673 3080 vobis
695 3015 786 3078 sicut
807 3013 964 3078 ethnicus
987 3021 1022 3078 et
1043 3014 1257 3097 publicanus.
1310 3015 1366 3079 De

412 3133 496 3178 vero
511 3114 699 3179 Ethelardo
715 3114 791 3198 jam
807 3113 901 3178 facto
919 3113 1176 3196 archiepiscopo
1191 3114 1366 3180 Dorover·

415 3213 532 3277 nensis
547 3214 713 3291 ecclesiae,
727 3215 818 3280 sieut
840 3234 862 3278 a
884 3215 983 3279 nobis
999 3213 1158 3297 poposcit
1171 3221 1366 3279 vestrorum

413 3314 601 3396 praesulum
623 3313 841 3392 excellentia,
867 3321 907 3378 ut
931 3315 964 3377 ei
977 3314 1151 3398 justitiam
1175 3313 1365 3378 faceremus

413 3413 456 3477 de
478 3413 562 3496 ipsis
578 3414 785 3479 dioecesibus
801 3414 886 3492 suis,
902 3421 974 3477 tam
991 3414 1230 3497 episcoporum
1244 3433 1365 3496 quam-

413 3534 481 3595 que
494 3517 793 3592 monasteriorum,
807 3515 932 3596 quibus
953 3514 1085 3591 illicite,
1100 3520 1216 3578 utros
1236 3533 1365 3595 cogno·

413 3615 524 3692 vistiS,
551 3614 748 3698 expoliatus
772 3622 838 3692 est,
861 3621 896 3679 et
923 3632 945 3677 a
966 3614 1154 3678 venerabili
1175 3613 1256 3678 sede
1278 3614 1365 3698 ejus

412 3732 500 3794 quas
520 3714 649 3778 dudum
672 3714 796 3792 tenuit,
818 3714 943 3779 ablatae
968 3720 1062 3791 sunt,
1082 3733 1158 3790 noS,
1173 3715 1365 3797 peremnia

412 3811 625 3877 enucleatius
638 3814 860 3892 trutinantes,
873 3815 910 3877 in
925 3833 1024 3877 sacro
1040 3813 1166 3878 scrinio
1180 3820 1300 3877 nostro
1309 3834 1364 3878 re·
1401 3839 1403 3842 ·

411 3914 562 3997 perimus
574 3922 732 3978 sanctum
740 3913 958 3996 Gregorium,
972 3913 1261 3996 praedecessorem
1270 3906 1363 3977 ²nos-

447 4089 455 4120 ¹
475 4093 634 4142 Clarissimus
660 4098 731 4156 atque
752 4091 874 4154 peritissi-
934 4090 1103 4153 ’Nostrom.]
1127 4089 1156 4138 S.
1175 4090 1205 4137 C.
1226 4089 1274 4148 E.;
1298 4087 1363 4138 after

410 4161 483 4222 πη]
505 4162 533 4212 S.
548 4164 578 4213 C.
590 4164 625 4212 D.
641 4164 691 4222 E.;
708 4163 874 4224 clarissimus,
898 4161 1045 4222 ‘nostrum’
1061 4160 1095 4211 A.
1113 4160 1143 4208 L.
1163 4160 1226 4207 read
1244 4158 1288 4205 ‘in
1305 4160 1363 4220 ipsa

409 4233 584 4294 dignissimus,
610 4233 765 4294 carissimus,
797 4236 873 4294 atque
898 4235 983 4281 sancta
997 4231 1066 4293 sede,
1077 4229 1185 4290 omnia3’
1202 4230 1237 4278 D.
1249 4229 1288 4278 M.
1301 4229 1363 4278 read

409 4300 587 4363 peritissimus,
598 4300 632 4351 A.
641 4302 672 4351 1..
898 4299 939 4350 the
952 4316 1030 4364 same,
1041 4301 1157 4362 omitting
1168 4299 1315 4350 ‘nostrum’
