3112 4968
204 501 274 549 nra.
291 485 346 566 11.]
398 459 400 463 ¹
433 501 547 550 cnsrx
571 499 697 551 aucun
721 502 936 552 xucnonun.
1087 487 1154 552 375

203 663 354 737 quatuor
370 675 538 721 annorum
564 675 708 720 numero
736 657 835 738 regni
857 663 1079 740 computat03
1104 657 1171 721 ei·'

202 754 360 838 demque,
378 756 603 838 conquerenti
626 754 669 818 de
691 756 909 838 posteritate,
929 754 1149 838 respondere,

201 853 388 936 ‘Regnum
413 853 609 936 Anglorum
636 861 690 918 est
717 855 805 918 Dei:
829 861 910 937 post
934 862 970 919 te
996 854 1149 937 providit

202 954 379 1035 regem‘ad
394 954 562 1037 placitum
579 952 658 1018 sui.'

254 1053 271 1136 §
287 1053 364 1116 222.
380 1053 491 1116 Porro
504 1059 545 1116 ut
557 1051 632 1135 jam
644 1052 687 1116 de
699 1051 876 1115 miraculis
890 1050 1025 1116 dicam:
1049 1049 1146 1116 Ado·
1158 1069 1308 1114 namnam.

201 1151 394 1215 lescentula
405 1151 513 1235 juxta
529 1151 741 1234 parilitatem
763 1151 933 1214 natalium
949 1152 1063 1215 virum
1085 1151 1146 1214 ha-

200 1251 298 1329 bens,
325 1251 385 1314 sed
413 1250 529 1314 fructu
554 1250 708 1334 conjugii
735 1268 869 1327 carens,
886 1249 1146 1314 luxuriantibus

201 1350 294 1413 circa
327 1350 457 1414 collum
488 1349 702 1428 humoribus,
742 1355 878 1432 turpem
910 1348 1145 1413 valetudinem

200 1455 436 1526 contraxerat,
455 1447 629 1530 glandulis
643 1449 948 1531 protuberantibus
961 1447 1144 1513 horrenda.

201 1547 311 1612 Jussa
331 1549 465 1612 somnio
489 1540 877 1618 lavaturam,¹manuum
902 1547 995 1628 regis
1021 1549 1144 1629 exqui-

200 1665 288 1724 rere,
314 1647 446 1710 curiam
469 1645 675 1728 ingreditur.
722 1645 802 1710 Rex
819 1647 907 1729 ipse,
920 1665 982 1728 per
999 1665 1037 1718 se
1055 1665 1143 1728 opus

200 1746 342 1827 pietatis
360 1745 564 1828 adimplens,
581 1744 701 1826 digitis
724 1764 817 1827 aqua
842 1744 998 1808 intinctis
1011 1746 1143 1820 collum

201 1851 393 1925 pertrectat
418 1844 595 1923 mulieris3
628 1843 796 1907 medicam
824 1843 984 1907 dextram
1010 1847 1143 1908 sanitas

199 1942 327 2006 festina
339 1944 573 2026 prosequitur,
585 1942 724 2006 lethalis
742 1949 861 2006 crusta
869 1942 1083 2022 dissolvitur,
1091 1944 1143 2007 ita

197 2048 250 2119 ut,
266 2031 441 2106 vermibus
458 2061 537 2105 cum
554 2043 651 2104 sanie
669 2042 933 2125 profluentibus,
951 2043 1062 2106 omnis
1084 2042 1143 2106 ille

201 2140 329 2204 noxius
346 2148 463 2204 tumor
479 2135 671 2204 ²resideret.
726 2140 806 2218 Sed,
820 2141 903 2222 quia
915 2141 1033 2204 hiatus
1050 2141 1144 2204 ulce-

200 2259 276 2302 rum
293 2239 408 2303 foedus
425 2246 461 2302 et
476 2239 619 2322 patulus
645 2246 732 2315 erat,
750 2240 916 2323 praecepit
932 2259 1009 2303 eam
1032 2258 1143 2322 usque

199 2338 243 2401 ad
267 2339 440 2420 integram
457 2338 643 2402 sanitatem
660 2338 849 2402 curialibus
869 2337 1050 2422 stipendiis
1067 2357 1144 2402 sus-

199 2439 348 2502 tentari:
373 2431 512 2502 ³verum
540 2443 621 2500 ante
647 2439 876 2519 septimanam
907 2443 1068 2502 exactam
1090 2439 1142 2501 ita

199 2536 357 2600 obductis
375 2537 595 2600 cicatricibus
612 2543 761 2601 venusta
782 2537 873 2600 cutis
894 2537 1009 2614 rediit,
1027 2543 1067 2600 ut
1089 2537 1142 2600 ni-

196 2635 245 2698 bil
278 2637 447 2719 praeteriti
480 2636 591 2698 morbi
623 2635 860 2716 discerneres3
899 2642 980 2719 post
1012 2653 1141 2699 annum

196 2755 334 2816 quoque
359 2735 532 2817 geminam
557 2734 689 2817 prolem
716 2736 832 2812 enixa,
860 2733 1057 2799 sanctitatis
1073 2735 1142 2804 Ed·

196 2835 306 2897 wardi
327 2834 532 2898 miraculum
558 2834 670 2897 auxit.
724 2834 930 2898 Multotiens
952 2854 1031 2897 eum
1052 2834 1142 2898 hanc
1201 2833 1204 2839 '

195 2940 328 3016 pestem
353 2935 389 2997 in
417 2933 634 2997 Normannia
657 2932 797 2996 sedasse
821 2934 948 3010 ferunt,
973 2934 1033 3016 qui
1055 2935 1142 2997 inte-

197 3035 270 3096 rius
292 3033 369 3116 ejus
387 3033 496 3096 vitam
518 3037 689 3097 noverunt
707 3052 715 3096 ε
744 3033 836 3096 unde
851 3039 971 3097 nostro
987 3039 1142 3115 tempore

197 3132 339 3214 quidam
368 3132 493 3195 falsam
515 3125 710 3195 ⁴insumunt
737 3151 890 3214 operam,
917 3131 977 3214 qui
1006 3147 1174 3214 asseves,

196 3238 275 3296 rent
292 3231 395 3294 istius
412 3232 522 3294 morbi
548 3230 760 3294 curationem
785 3251 855 3295 non
875 3250 920 3294 ex
943 3233 1141 3308 sanctitate,

195 3331 255 3393 sed
273 3350 318 3393 ex
335 3331 463 3410 regalis
480 3330 652 3411 prosapiae
669 3323 896 3405 ⁵haereditate‚
913 3329 1069 3393 fluxisse.
1112 3389 1115 3396 ,

245 3429 263 3512 §
289 3428 365 3492 223.
390 3427 552 3492 Caecatus
578 3426 731 3510 quidem,
757 3447 827 3510 quo
852 3428 1070 3492 incommodo
1091 3427 1143 3490 in-

193 3517 338 3604 certum,
364 3547 536 3591 rumorem
561 3526 777 3608 frequentem
810 3527 847 3590 in
875 3528 973 3591 curia
1005 3533 1143 3591 severat

193 3627 378 3690 sanitatem
406 3645 444 3690 se
470 3632 690 3709 recepturum
719 3627 868 3708 sieque
895 3646 941 3690 ex
964 3626 1141 3690 ablutione

193 3913 458 4036 ogissglffffii·
489 3917 519 3966 ⁰·
541 3917 577 3968 Β·
600 3917 653 3978 ³⁵
714 3950 886 4016 meamea]
904 3951 938 4002 A.
952 3953 981 4002 c.
994 3953 1030 4004 n.
1047 3953 1081 4001 n.
1093 3952 1143 4013 n.;

226 4051 398 4124 sffldderetn]
423 4054 457 4106 A·
472 4056 502 4105 c·
514 4056 550 4105 D·
562 4056 594 4106 E·
606 4056 654 4117 L&
678 4023 819 4086 insinuant,
831 4023 860 4073 S.

194 4127 373 4260 “fimi
385 4197 415 4246 c.
436 4196 472 4245 n.
493 4196 541 4258 Ea
556 4209 655 4246 verum·
681 4154 1067 4294 Pertrffialtnatsspsspaeltgsoe]
1094 4160 1141 4210 see

194 4271 288 4330 tamen,
298 4266 332 4318 A.
344 4267 373 4316 S.
386 4265 417 4316 12.
