3128 4976
395 484 461 549 274
617 497 731 545 ensrn
755 497 881 545 arcun
907 493 1122 542 ancnonuu.
1204 479 1290 558 [mn.
1308 492 1348 538 11.

398 659 593 737 Deum,per
602 654 800 728 amicitiam,
810 652 920 716 multa
928 651 1062 728 offerre,
1072 651 1173 733 plura
1182 650 1348 732 polliceri.

400 757 470 821 Ubi
486 756 521 818 id
539 772 661 838 parum
675 753 843 836 procedit,
857 758 1046 823 nocturnas
1062 749 1205 814 insidias
1224 755 1348 812 tentat.

401 856 459 919 Ita
482 854 655 918 hominem
677 851 902 938 (connivente
933 851 1038 915 etiam
1063 850 1148 927 filia,
1177 869 1254 912 cum
1281 867 1351 930 qua

400 953 586 1018 assiduitas
611 952 881 1016 familiaritatem
907 946 1123 1033 paraverat,)
1146 949 1227 1012 vino
1251 948 1351 1012 inva-

401 1053 498 1132 denS,
513 1053 675 1117 volumen
697 1053 761 1114 suh
778 1050 941 1114 cervicali
960 1049 1112 1133 positum
1134 1048 1293 1129 arripuit,
1315 1053 1352 1110 et

402 1152 501 1233 fugit.
554 1150 621 1215 Ille
648 1169 769 1214 somno
797 1168 976 1224 excussus,
1004 1147 1130 1211 indicio
1161 1147 1351 1224 stellarum,

403 1270 473 1333 qua
501 1251 633 1333 peritus
673 1257 749 1314 erat
786 1257 873 1327 arte,
905 1248 1100 1329 insequitur
1134 1245 1349 1328 fugitantem.

404 1349 580 1432 profugus
607 1368 744 1431 quoque
766 1349 963 1431 respiciens
996 1347 1183 1428 eademque
1209 1345 1353 1408 scientia

404 1450 594 1531 periculum
603 1448 828 1531 comperiens,
840 1448 905 1510 sub
917 1453 1023 1529 ponte
1037 1446 1165 1527 ligneo,
1177 1446 1237 1527 qui
1247 1464 1352 1526 prox·

405 1549 506 1626 imus,
521 1567 559 1612 se
575 1548 721 1626 occulit3
738 1547 907 1630 pendulus
924 1554 959 1610 et
975 1552 1115 1628 pontem
1130 1544 1354 1634 amplectens

406 1655 447 1712 ut
469 1668 532 1712 nec
558 1666 684 1729 aquam
709 1666 772 1710 nec
799 1652 927 1709 terram
954 1649 1123 1725 tangeret.
1176 1643 1235 1706 Ita
1258 1663 1353 1725 qnae-

407 1748 515 1811 rentis
537 1747 685 1810 aviditas
701 1745 880 1822 frustrata,
899 1744 1037 1807 domum
1059 1743 1211 1808 revertit.
1263 1743 1353 1806 Tum

408 1844 611 1922 GerhertuS,
626 1846 718 1909 viam
744 1845 910 1922 celeranS,
925 1843 1064 1908 deveni-t
1079 1843 1123 1906 ad
1139 1861 1246 1906 mare.
1299 1840 1355 1904 Ibi

407 1964 469 2027 per
492 1943 747 2007 incantationes
778 1944 917 2007 diaholo
947 1943 1126 2018 accersito,
1150 1947 1356 2024 perpetuum

408 2043 595 2125 paciscitur
623 2043 812 2106 hominium
845 2043 876 2105 si
908 2061 957 2120 se,
984 2044 1029 2106 ab
1061 2041 1122 2104 illo
1151 2041 1211 2122 qui
1242 2040 1355 2104 denuo

407 2144 654 2224 insequebatur
666 2142 893 2219 defensatum,
912 2142 1006 2206 ultra
1019 2142 1163 2224 pelagus
1186 2139 1356 2204 eveheret.

411 2242 458 2305 Et
480 2241 610 2330 factum
636 2249 700 2305 est.
752 2241 819 2305 Sed
843 2241 919 2304 haec
933 2241 1123 2322 vulgariter
1144 2239 1226 2302 ficta
1247 2238 1356 2301 credi·

409 2341 500 2404 derit
529 2340 666 2423 aliquis
700 2341 791 2422 quod
820 2341 931 2404 soleat
958 2341 1107 2422 populus
1142 2339 1356 2402 literatorum

411 2440 539 2502 famam
561 2439 700 2517 laedere,
723 2440 840 2503 dicens
861 2439 958 2502 illum
984 2439 1081 2521 loqui
1102 2457 1179 2501 cum
1202 2437 1358 2500 daemone

412 2557 514 2621 quem
529 2539 566 2601 in
580 2539 697 2621 aliquo
708 2538 857 2603 viderint
872 2538 1096 2602 excellentem
1108 2557 1223 2619 opere.
1257 2536 1359 2600 Unde
1458 2546 1466 2558 ⁴

414 2638 586 2715 Booetius,
605 2639 642 2700 in
666 2638 754 2702 libro
776 2638 819 2701 de
842 2636 1089 2701 Consolatione
1112 2635 1358 2717 Philosophiae,

413 2739 570 2820 queritur
591 2756 629 2800 se
651 2744 793 2820 propter
806 2737 957 2801 studium
980 2737 1160 2818 sapientiae
1176 2736 1218 2798 de
1232 2735 1358 2798 talibus

413 2844 584 2913 notatum,
599 2838 699 2918 quasi
716 2836 959 2900 conscientiam
970 2855 1069 2899 suam
1086 2835 1267 2916 sacrilegio
1284 2834 1360 2915 pol·

412 2935 536 2998 luisset
554 2937 598 2998 oh
620 2936 786 2998 ambitum
809 2935 1000 3016 dignitatis.
1053 2935 1157 2998 ‘Non
1178 2933 1361 2998 convenie-

413 3035 496 3110 bat,’
512 3027 653 3115 linquit,
665 3033 930 3097 ‘vilissimorum
941 3054 995 3096 me
1006 3034 1189 3115 spirituum
1200 3032 1362 3116 praesidia

413 3138 566 3213 captare,
592 3150 694 3214 quem
719 3133 817 3195 tuin
841 3132 931 3196 hanc
956 3133 1195 3196 excellentiam
1221 3151 1361 3214 compo-

413 3232 520 3293 nebas
546 3237 585 3294 ut
614 3231 826 3294 consimilem
850 3232 928 3296 Deo
957 3232 1099 3316 faceres
1163 3229 1273 3314 Atqui
1294 3231 1360 3294 hoc

413 3328 490 3411 ipso
505 3329 662 3394 videmur
687 3328 806 3394 affines
831 3330 1011 3408 maleficio,
1026 3331 1119 3414 quod
1141 3332 1211 3394 tuis
1239 3331 1362 3394 imbuti

413 3428 616 3512 disciplinis,
632 3429 702 3494 tuis
723 3430 875 3494 instituti
899 3431 1051 3494 moribus
1077 3429 1220 3494 sumus'.'
1272 3429 1362 3494 Haec

414 3529 584 3594 Booetius.
635 3523 744 3592 ²Mihi
757 3549 840 3594 vero
855 3529 956 3594 iidem
972 3529 1054 3592 facit
1074 3530 1117 3592 de
1139 3530 1240 3593 istius
1255 3529 1362 3592 sacri-

450 3779 579 3853 ¹1nquit.]
597 3784 722 3835 Boethius
744 3785 777 3834 de
797 3786 873 3837 Gens.
897 3789 1041 3850 judgment.
1077 3790 1130 3838 The
1142 3788 1363 3850 partiality‚how·

413 3854 513 3904 Philos.
529 3856 575 3907 lib.
595 3869 614 3905 1.
631 3871 658 3917 p.
671 3859 712 3905 14.
730 3853 876 3921 (Glasguae,
901 3873 969 3920 ever,
976 3860 1015 3907 for
1021 3860 1093 3920 Pope
1102 3860 1231 3920 silvester,
1248 3857 1362 3923 (hehar-

413 3929 470 3974 8vo.
483 3921 569 3989 1⁷51.)
901 3929 945 3990 ing
955 3929 1019 3977 been
1027 3929 1070 3977 the
1077 3930 1131 3978 first
1139 3927 1295 3977 Frenchman
1302 3926 1361 3976 who

449 3991 537 4042 ²Mihi
544 3993 775 4060 cerofidemsucit]
787 3994 876 4044 Atten-
901 3999 1014 4046 attained
1024 3998 1066 4048 the
1078 3998 1178 4060 dignity
1185 3997 1214 4046 of
1222 3996 1292 4045 chief
1299 4011 1362 4057 pon·

413 4063 465 4111 tion
473 4063 520 4112 has
530 4065 594 4113 been
609 4065 693 4113 called
708 4069 734 4112 to
748 4064 799 4114 this
818 4079 876 4127 pas·
900 4064 960 4132 titt)
972 4068 1057 4117 which
1067 4068 1110 4116 the
1124 4069 1205 4117 editor
1215 4065 1244 4114 oi
1252 4066 1307 4114 that
1318 4081 1362 4114 vo-

413 4133 876 4194 sagebyanoteintheaecuesffist.
900 4137 1282 4200 lumeaehnowledges,mayin
1294 4149 1363 4184 some

413 4199 445 4248 de
462 4201 489 4249 ln
509 4203 605 4252 France
623 4203 694 4268 (tom.
712 4199 752 4266 ι.)
771 4203 875 4267 harshly
900 4219 1015 4256 measure
1026 4208 1130 4268 explain
1140 4207 1190 4256 and
1202 4205 1364 4266 perhapsex-

413 4272 548 4331 censuring
563 4273 760 4333 Malmesbury's
771 4276 879 4324 wantos
900 4291 961 4324 cnse
970 4277 1011 4325 the
1023 4278 1132 4339 severity
1138 4277 1168 4326 oi
1171 4275 1213 4325 the
1225 4278 1363 4336 comment3
