3112 4968
193 483 339 564 mnu]
418 501 533 549 ossus
557 501 684 550 annun
709 501 922 551 suenorum.
1080 487 1147 552 369

192 655 292 735 biles,
303 651 311 690 ¹
321 664 394 721 tum
411 659 563 724 maxime
580 659 755 722 orationes
769 659 989 723 foeminarum
1007 666 1043 723 et
1059 679 1143 742 pue·
1171 729 1177 744 ¹

191 773 308 819 rorum
324 757 438 821 vicino
456 765 492 821 et
508 757 671 839 contiguo
689 759 813 821 auxilii
829 758 917 844 pede
934 758 1124 838 attingunt.

242 854 353 937 §ula
379 857 505 920 Frater
525 855 687 921 Wulferii
710 850 973 933 ²Merewaldus,
1004 876 1049 920 ex
1077 858 1140 920 Er.
1152 869 1247 960 {33¹4ss-
1335 843 1337 846 ’

192 955 381 1036 tuenhsrga
414 955 486 1018 filia
519 956 721 1019 Ermenredi
759 955 877 1020 fratris
910 956 1138 1034 Ercomherti,

190 1052 272 1138 tulit
289 1046 403 1130 ³filias,
415 1053 631 1117 Mildritham
649 1060 684 1117 et
700 1053 924 1135 Milburgam.
957 1054 1140 1120 Mildritha

188 1143 243 1213 *in
269 1151 405 1217 Taneto
431 1153 546 1216 insula
567 1152 714 1228 Cantiae,
736 1172 841 1235 quam
867 1153 969 1216 matri
997 1172 1072 1217 suae
1100 1155 1138 1219 in

188 1250 395 1315 solutionem
430 1252 525 1314 necis
548 1251 694 1316 fratrum
719 1270 873 1328 suorum,
903 1250 1080 1315 Ethelredi
1103 1260 1138 1317 et

190 1348 396 1430 Egelbirthi,
413 1349 557 1414 dederat
573 1369 637 1414 rex
649 1351 836 1432 Eghertus,
853 1351 1033 1414 coelibatui
1049 1350 1136 1418 dans

190 1467 344 1529 operam,
360 1448 487 1512 ibidem
503 1450 587 1513 vitae
612 1443 740 1513 metam
763 1449 920 1513 incurrit.
972 1448 1137 1530 Sequenti
1201 1493 1205 1502 ·

183 1552 355 1629 tempore,
374 1547 418 1612 ad
435 1549 631 1613 coenobium
646 1549 758 1612 sancti
775 1545 966 1629 Augustini
984 1547 1138 1612 Cantus-

188 1643 277 1708 riam
303 1647 487 1724 translata,
515 1647 645 1711 eximia
671 1646 918 1710 monachorum
951 1646 1137 1712 sedulitate

187 1741 389 1823 honoratur,
408 1746 549 1828 pietatis
566 1745 660 1810 fama
684 1753 720 1810 et
741 1745 934 1809 dulcedinis
951 1744 1058 1827 juxta
1075 1766 1136 1810 vo-

187 1843 360 1907 cabulum
381 1863 482 1907 suum
508 1844 545 1908 in
579 1851 723 1908 cunctos
756 1863 855 1926 acque
889 1843 1134 1925 praedicabilis.

187 1940 234 2004 Et
266 1943 426 2024 quamvis
456 1943 506 2006 ibi
547 1962 634 2025 pene
675 1962 795 2007 ornnes
833 1943 1035 2006 monasterii
1074 1963 1135 2006 an-

186 2038 317 2104 fractus
354 2042 447 2126 ploni
483 2042 554 2105 sint
590 2048 789 2105 sanctorum
818 2042 1034 2125 corporibus,
1071 2061 1134 2105 nec

185 2157 304 2202 eorum
332 2141 433 2222 parvi
458 2141 607 2205 nominis
641 2147 702 2204 aut
736 2141 862 2216 meriti,
891 2139 951 2202 sed
986 2159 1132 2222 quorum

185 2238 325 2318 singrda
342 2258 404 2320 per
429 2258 467 2302 se
487 2245 631 2321 possent
647 2238 823 2302 illustrare
840 2236 1019 2318 Angliam,
1036 2238 1132 2303 nullo

186 2343 303 2401 tamen
319 2337 381 2401 illa
398 2337 524 2401 colitur
540 2336 696 2415 inferius,
713 2338 798 2418 quin
813 2338 919 2400 immo
941 2345 1078 2400 amatur
1097 2344 1133 2400 et

184 2443 473 2500 commemoratur
499 2435 646 2499 dulcius.
698 2433 811 2500 Adest
835 2435 897 2499 illa
923 2454 960 2498 se
987 2435 1134 2516 diligen·

180 2533 290 2612 tibus,
307 2535 421 2599 nullos
442 2534 550 2598 surda·
567 2533 740 2598 transiens
765 2554 861 2612 aure,
878 2534 984 2598 saluti
1008 2554 1133 2598 consu-

183 2632 260 2696 lens
276 2635 412 2698 animae.

225 2731 327 2814 §ula
338 2727 533 2815 ⁵Milburga
544 2732 638 2816 apud
647 2732 816 2797 Weneloc
826 2733 1031 2815 requiescit3
1048 2733 1131 2796 olim
1144 2755 1295 2808 sarrana.

183 2831 227 2896 ab
245 2832 373 2895 accolis
395 2839 491 2908 nota,
512 2832 572 2895 sed
595 2839 676 2913 post
703 2831 891 2896 adventum
909 2831 1131 2895 Normanno-

182 2948 271 3006 rum,
294 2930 377 2993 dum
399 2931 554 2994 nescitur
580 2929 679 2994 locus
708 2930 895 3013 sepulchri,
926 2929 1131 3011 aliquandiu

182 3027 349 3093 obliuioni
376 3029 484 3093 data:
515 3048 627 3110 nuper
655 3049 751 3105 vero,
786 3027 940 3092 adunato
970 3029 1018 3091 ihi
1050 3048 1131 3092 con-

181 3133 290 3190 ventu
311 3115 558 3192 monachorum
576 3126 868 3204 Cluniacensium,
893 3127 987 3204 dum,
1012 3126 1130 3191 incho-

181 3231 242 3289 ata
258 3227 340 3291 novi
357 3227 478 3309 templi
494 3225 668 3302 machina,
685 3226 826 3308 quidam
848 3245 936 3309 puer
954 3245 1016 3308 per
1033 3228 1130 3308 pavi-

181 3330 334 3388 mentum
358 3327 565 3389 concitatius
588 3325 785 3401 cursitaret,
803 3324 945 3388 effracta
961 3325 1130 3388 mausolei

214 3559 317 3626 ¹Tum.]
338 3564 368 3613 C.
385 3563 420 3613 D.
439 3562 490 3622 Ε.;
508 3565 580 3622 tunc,
606 3559 641 3608 A.
668 3563 694 3606 to
716 3559 830 3607 estimate
858 3558 910 3606 this
933 3558 1131 3618 compensation,

181 3632 210 3682 S.
218 3632 250 3682 h.
668 3627 699 3693 (i.
711 3642 732 3677 e.
743 3627 810 3676 their
822 3623 967 3689 weregildo
986 3626 1031 3674 she
1049 3627 1130 3674 asked

174 3713 176 3720 ·
214 3694 424 3768 wermudae]
442 3700 490 3750 See
514 3703 598 3761 auten,
615 3712 642 3758 p.
668 3695 784 3745 asmuch
795 3695 952 3744 landasher
963 3699 1020 3758 stag
1037 3695 1130 3744 should
1220 3695 1221 3698 ’

181 3773 239 3820 110.
667 3779 785 3826 compass
807 3770 834 3813 at
855 3779 902 3812 one
925 3778 1014 3812 course
1038 3765 1065 3811 in
1087 3765 1129 3814 the

215 3837 340 3902 ’Fauna
363 3839 397 3890 A.
412 3840 442 3889 C.
454 3837 489 3888 D.
503 3838 536 3887 Ε.
552 3851 561 3898 ;
576 3835 643 3886 duas
668 3836 715 3885 isle
726 3835 755 3883 oi
762 3835 870 3896 Thenai,
879 3833 965 3882 where
983 3833 1028 3882 she
1040 3832 1130 3881 sound-

179 3909 254 3970 filius,
266 3909 295 3959 S.
307 3909 338 3957 L.
668 3904 700 3952 ed
722 3905 765 3952 the
793 3907 936 3962 monastery
958 3901 987 3950 of
1012 3902 1128 3952 Minster.

214 3980 224 4009 ⁴
249 3978 280 4026 lu
310 3978 401 4025 Tracta
431 3974 513 4023 iaculo
538 3972 643 4035 Cautio,
668 3973 734 4021 Vide
754 3973 796 4022 W.
818 3972 913 4021 Thorn.
937 3971 985 4020 col.
1009 3974 1083 4032 1910,
1104 3976 1130 4019 et

179 4063 250 4128 Μ’
280 4046 355 4094 aa
376 4059 427 4092 Μ
450 4042 477 4090 ³²²
501 4043 644 4161 ‘illitu
669 4037 1131 4159 lifliffiffldll‘haelfflliloel'

177 4116 500 4248 ἒξεῖίινῑῗίπῖιῖἷᾞέ
521 4196 567 4229 rea·
589 4181 645 4242 Eg·
669 4143 843 4240 Sharpe,2*l8.
906 4125 931 4172 g·
988 4143 995 4157 ·
1070 4143 1077 4158 ο
1124 4145 1130 4159 ⁸

25 4223 42 4306 Q:
66 4285 110 4320 x„
178 4249 644 4318 umu.]wnenuwas1ertt0ner
705 4247 877 4311 ⁸Msuurga]
889 4247 936 4296 see
945 4250 1130 4308 macana

919 4321 978 4383 21³
