3106 4974
147 473 155 485 ’
228 513 299 560 nra.
315 495 357 576 1.]
453 507 566 554 casus
591 504 718 552 aucun
742 502 956 552 auouonou.
1138 489 1183 552 75

229 667 343 733 titatis
368 663 514 741 dederit,
540 663 669 746 quippe
695 661 810 725 nullus
832 668 913 725 ante
929 661 1028 726 illum
1045 660 1183 745 Anglus

229 767 418 843 miraculis,
437 763 530 846 quod
554 763 674 839 sciam,
691 761 865 843 viguerit;
888 762 949 843 qui
968 769 1049 844 post
1067 770 1183 827 actam

230 873 351 931 sancte
375 865 497 940 vitam,
523 863 621 944 large
647 860 762 925 dando
787 861 1026 938 eleemosinas,
1044 863 1183 926 crebras

229 969 266 1030 in
284 965 352 1030 Dei
369 962 557 1045 obsequela
574 961 778 1044 protelando
804 961 983 1037 excubias,
1008 969 1183 1044 postremo

230 1066 305 1130 zelo
323 1064 391 1129 Dei
408 1063 563 1126 ecclesiae
589 1081 667 1125 cum
693 1059 816 1142 gentili
841 1062 1072 1138 committens,
1090 1070 1183 1139 ante,

230 1165 324 1248 quod
341 1164 498 1246 optabat,
516 1160 637 1225 effudit
654 1161 826 1242 spiritum,
844 1179 961 1242 quam,
979 1160 1072 1242 quod
1081 1162 1182 1225 time-

230 1267 303 1341 bat,
327 1262 602 1327 Christianitatis
630 1259 764 1323 videret
798 1259 1052 1324 detrimentum.
1106 1259 1182 1324 Nec

231 1362 449 1427 fraudabitur
465 1360 621 1444 profecto
644 1365 836 1442 martyrum
853 1358 977 1439 gloria,
995 1361 1054 1440 qui
1070 1359 1182 1441 primo

231 1465 332 1527 bonae
348 1462 432 1526 vitoe
450 1459 644 1535 intendens,
661 1456 881 1540 postmodum
899 1457 1061 1538 gloriosae
1078 1459 1183 1522 morti

231 1581 357 1644 corpus
380 1560 594 1643 impendenS,
619 1577 738 1622 eorum
760 1558 859 1620 trivit
873 1557 1043 1638 vestigia;
1072 1566 1108 1622 et
1122 1577 1181 1621 cu-

231 1661 407 1725 mulatiori
421 1679 509 1742 pene
525 1659 640 1734 laude,
663 1655 756 1739 quod
778 1656 830 1718 illi
852 1655 982 1736 singuli
1002 1677 1040 1721 se
1062 1659 1181 1738 singu·

232 1762 296 1837 los,
310 1761 375 1824 ille.
390 1779 507 1823 secum
526 1758 604 1822 Deo
621 1756 877 1821 consecraverit
891 1763 985 1819 totos
1004 1756 1182 1821 Nortbau-

231 1861 396 1926 himbros

355 2053 403 2098 DE
425 2051 543 2100 oswlo
566 2052 710 2100 FRATRE
733 2051 861 2100 SANG'l'I
884 2051 1063 2102 oswnnul.

285 2158 374 2242 550.
402 2158 454 2222 Eo
479 2158 587 2239 igitur
613 2158 773 2222 humanis
795 2161 899 2223 rebus
924 2168 1099 2244 exempto,
1118 2160 1185 2225 Os·
1198 2176 1341 2228 aarum

234 2258 322 2322 wius
338 2257 447 2321 frater
463 2257 539 2341 ejus
557 2258 650 2339 apud
669 2258 861 2336 Bernicios‚
885 2252 1067 2324 ¹Oswinus
1092 2260 1185 2324 filius
1198 2228 1333 2318 {geppe

236 2351 431 2433 Osrici,²de
442 2376 512 2440 quo
523 2358 681 2438 superius
692 2357 779 2435 dixi,
789 2359 882 2441 apud
892 2358 1030 2437 Deiros,
1039 2380 1185 2442 regnum
1197 2343 1349 2440 fff'lllssffl‘

234 2464 466 2538 occuparunt:
490 2457 615 2538 quibus
639 2477 717 2520 cum
738 2459 851 2539 primo
870 2458 913 2521 de
929 2460 1186 2540 provinciarum
1198 2445 1307 2484 mm·

233 2557 403 2621 divisione
425 2555 580 2620 modeste
604 2558 835 2633 convenisset,
860 2575 1028 2640 suspenso
1045 2558 1187 2634 foedere,

233 2658 269 2719 in
295 2675 360 2719 sua
387 2654 531 2739 pacifice
556 2655 758 2719 discessum.
810 2655 955 2733 Verum,
980 2676 1050 2719 non
1076 2659 1187 2722 multo

234 2762 326 2839 post,
343 2775 406 2837 per
422 2755 590 2832 homines,
612 2756 738 2839 quibus
763 2753 850 2818 nihil
868 2757 981 2838 magis
999 2756 1095 2820 cordi
1112 2765 1188 2821 erat

235 2875 339 2938 quam
356 2854 548 2918 discordias
565 2873 691 2931 serere,
708 2874 780 2937 pax
803 2855 944 2919 incertis
966 2857 1186 2938 pactionibus

237 2974 330 3036 saepe
346 2953 536 3029 ludificata,
553 2955 676 3018 ultimo
688 2956 825 3036 penitus
836 2956 997 3037 abrupta,
1011 2956 1048 3019 in
1064 2963 1187 3020 ventos

235 3054 340 3133 abiit3
359 3053 494 3117 facinus
511 3054 719 3131 miserabile,
733 3053 840 3117 fuisse
855 3055 915 3138 qui
932 3056 1071 3138 regibus
1089 3049 1187 3120 ³con-

235 3153 388 3217 cordiam
405 3153 611 3230 inviderent,
622 3172 685 3216 nec
703 3154 917 3219 abstinerent
930 3157 1015 3238 quin
1026 3175 1185 3239 eosprao-

237 3252 297 3329 lio,
323 3258 491 3335 quantum
525 3252 562 3314 in
583 3252 670 3334 ipsis
694 3261 780 3330 erat,
814 3256 1077 3319 committerent.
1131 3256 1187 3319 Ibi

237 3360 319 3416 tunc
348 3352 500 3428 fortuna,
530 3353 650 3416 multis
680 3358 785 3416 antea
813 3355 984 3417 illecebris
1007 3353 1186 3419 Oswinum

236 3451 390 3528 adulata,
416 3450 616 3534 scorpiacea
641 3451 753 3514 cauda
773 3454 1065 3534 persequebatur:
1089 3473 1187 3516 nam-

237 3571 315 3633 que,
349 3570 412 3632 pro
446 3551 591 3632 penuria
624 3552 798 3614 exercitus
824 3551 915 3614 bello
946 3552 1187 3615 abstinendum

237 3658 347 3727 ratuS,
384 3651 619 3714 suburbanum
657 3669 717 3712 rus
759 3650 916 3713 clanculo
958 3658 1187 3730 concesserat,
1199 3669 1270 3709 nesti
1278 3669 1302 3708 or

1201 3719 1293 3766 Oswine,

238 3750 426 3831 statimque
450 3768 472 3812 a
489 3749 562 3812 suis
577 3749 735 3831 proditus
752 3742 814 3812 ‘ab
841 3748 960 3814 Oswio
984 3751 1188 3816 interemtus
1201 3771 1254 3810 an.
1264 3770 1311 3808 ar.

275 3948 282 3980 ¹
299 3946 433 4019 Oseriates]
459 3953 488 4002 C.
498 3952 533 4001 D.
541 3952 572 4000 L.
581 3952 635 4010 M.;
652 3951 702 4000 Os·
727 3953 852 4000 cordiam'
863 3953 896 4002 A.
909 3955 938 4003 S.
952 3955 982 4003 C.
995 3954 1029 4003 D.
1037 3955 1068 4003 L.
1078 3955 1117 4004 M.
1128 3955 1190 4004 read

238 4021 313 4084 wius,
325 4019 359 4069 A.
370 4022 403 4070 E.
727 4021 904 4071 ‘sodalitatis'

763 4087 823 4138 ⁴Ab
852 4091 934 4140 Oswio
959 4091 1102 4141 interemtus
1128 4089 1189 4164 eat]

274 4158 284 4187 ²
295 4161 334 4209 De
340 4176 385 4223 quo
395 4159 507 4224 aripertus
517 4155 597 4228 dixi]
615 4159 629 4222 d
640 4163 680 4208 lo.
728 4159 843 4220 Oswine,
854 4160 917 4223 king
927 4161 956 4208 ol
964 4161 1053 4222 Deira,
1060 4177 1115 4212 was
1126 4165 1192 4213 elain

729 4231 760 4290 by
773 4229 864 4279 Oswib
877 4231 906 4279 of
916 4232 1070 4282 Rerniciaou
1079 4233 1121 4283 the
1133 4235 1192 4284 aoth

274 4297 284 4326 ³
297 4300 477 4362 Concordiam]
489 4301 521 4349 E.
532 4317 539 4360 ;
551 4300 615 4349 after
626 4300 633 4326 ‘
643 4314 700 4348 con·
728 4299 756 4347 ol
765 4301 877 4363 August,
888 4301 956 4352 Λ.Ι).
966 4305 1023 4351 ool.
