3128 4976
229 492 367 571 muru]
447 507 563 556 ossus
587 509 714 557 auouu
739 507 972 557 lucuoauu..
1113 495 1176 558 291

227 682 317 740 nem,
335 683 404 727 non
418 665 539 746 paucis
555 663 731 728 mensibus
745 663 911 728 luserant.
951 663 1018 728 Ille
1034 663 1178 740 interea,

126 793 127 798 κ
228 762 397 826 naturalis
418 762 559 826 desidiae
581 763 826 827 conscientiam
848 763 1017 839 excitans,
1033 764 1078 826 ab
1094 764 1179 826 urbe

227 859 404 942 profugit3
438 880 585 944 cumque
610 861 834 926 clandestinis
861 861 1041 926 itineribus
1066 860 1178 924 Ham-

228 966 348 1023 tunam
372 961 534 1038 venisset,
562 960 643 1024 inde
664 960 829 1025 Wehtam
858 961 1070 1042 enavigavit.
1119 960 1179 1024 .Ibi

228 1059 373 1122 abbates
393 1067 428 1124 et
450 1060 643 1142 episcopos,
660 1060 720 1141 qui
743 1079 806 1123 neo
829 1060 866 1123 in
890 1060 953 1124 teli
972 1059 1178 1124 necessitate

229 1156 406 1221 dominum
437 1176 538 1222 suum
569 1157 793 1222 deserendum
820 1166 995 1240 putarent,
1023 1159 1060 1222 iu
1089 1158 1180 1223 hanc

228 1257 392 1320 convenit
413 1258 630 1321 sententiam.
671 1256 842 1322 Viderent
856 1276 960 1340 quam
974 1258 1012 1320 in
1029 1264 1179 1338 angusto

228 1373 283 1417 res
315 1363 432 1420 essent
460 1375 533 1420 suae
560 1364 597 1420 et
625 1375 787 1436 suorum3
819 1375 856 1420 se
886 1355 1031 1438 perfidia
1052 1356 1178 1420 ducum

230 1454 325 1518 avito
341 1461 515 1518 extorrem
535 1455 634 1533 solio,
655 1462 690 1519 et
714 1455 790 1538 opis
813 1462 973 1537 egentem
988 1453 1121 1532 alienae,
1143 1453 1180 1516 in

229 1552 328 1635 cujus
342 1571 448 1617 manu
461 1554 607 1618 aliorum
621 1553 756 1618 solebat
771 1554 865 1618 salus
879 1554 1030 1637 pendere
1043 1574 1052 1632 3
1069 1573 1179 1636 quou-

230 1650 309 1714 dam
325 1653 546 1716 monarcham
567 1660 602 1717 et
626 1660 816 1736 potentem,
837 1653 940 1717 modo
961 1653 1122 1716 miserum
1145 1659 1182 1716 et

229 1751 378 1815 exulem.
431 1752 627 1816 Dolendam
653 1753 720 1816 sibi
749 1752 839 1816 hanc
863 1752 1179 1826 commutationem,

229 1847 312 1931 quia
341 1849 476 1914 leoffius
502 1850 629 1914 toleres
657 1869 741 1932 opes
774 1871 844 1914 non
874 1850 1048 1927 habuisse,
1076 1869 1179 1932 quam

229 1946 366 2012 habitas
396 1947 576 2028 amisisse3
601 1949 806 2031 pudendam
828 1948 956 2030 Anglis
986 1969 1028 2013 eo
1056 1949 1179 2030 magis,

229 2047 323 2128 quod
338 2047 465 2112 deserti
485 2048 582 2111 ducis
597 2048 793 2130 exemplum
815 2067 1055 2130 processurum
1078 2047 1125 2111 sit
1145 2048 1181 2110 in

230 2146 347 2212 orbem
361 2152 543 2210 terrarum.
593 2146 680 2210 Illos
695 2166 813 2210 amore
827 2147 882 2210 sui
897 2147 972 2211 sine
986 2146 1181 2227 sumptibus

230 2243 463 2308 voluntariam
490 2246 678 2308 subeuntes
707 2244 837 2326 sugam,
865 2245 986 2308 domos
1012 2251 1048 2308 et
1072 2243 1181 2307 sacul-

230 2348 322 2406 tates
345 2360 427 2406 snas
449 2342 669 2424 praedonibus
691 2344 905 2425 exposuisse,
924 2343 961 2406 in
982 2350 1080 2407 arcto
1106 2361 1182 2407 esse

230 2441 360 2505 victum
383 2441 553 2518 omuibus,
574 2441 738 2506 vestitum
760 2442 879 2506 deesse
898 2441 1077 2524 pluribus:
1101 2461 1181 2524 pro·

231 2541 314 2605 bare
335 2559 372 2604 se
396 2538 533 2623 quidem
558 2539 659 2604 fidem
676 2539 826 2617 illorum,
849 2541 910 2604 sed
935 2561 1006 2605 non
1032 2541 1182 2622 reperire

230 2639 405 2718 salutem3
440 2639 526 2702 adeo
549 2638 624 2722 jam
653 2639 842 2721 subjugata
870 2647 975 2715 terra,
1004 2640 1182 2703 observari

230 2737 352 2802 littora
383 2745 421 2802 ut
461 2756 632 2819 nusquam
665 2737 741 2801 siue
777 2737 931 2820 periculo
966 2739 1014 2801 s'it
1052 2739 1179 2802 exitus.

232 2837 455 2918 Quapropter
480 2836 700 2901 consulerent
723 2837 759 2899 in
780 2837 931 2900 medium
953 2837 1036 2920 quid
1062 2857 1181 2901 cense-

231 2943 309 3000 rent
330 2933 535 3000 saciendum.
586 2935 624 2999 Si
645 2943 821 3013 maneant,
843 2936 1035 3001 cavendum
1058 2936 1137 3018 plus
1160 2954 1182 2998 a

230 3034 363 3099 civibus
393 3055 497 3118 quum
526 3036 571 3099 ab
600 3034 768 3100 hostibus.
823 3035 957 3098 Forsan
988 3035 1080 3099 enim
1102 3054 1181 3098 eru-

231 3133 328 3198 cibus
347 3134 419 3198 suis
441 3134 524 3199 novi
546 3133 675 3198 domini
698 3134 847 3216 gratiam
869 3141 1122 3213 mercarentur3
1146 3140 1183 3197 et

231 3240 324 3298 certe
346 3233 456 3298 occidi
478 3235 522 3296 ab
543 3232 644 3297 hoste
661 3227 839 3297 ¹titulatur
852 3231 1013 3310 fortunae,
1035 3233 1135 3316 prodi
1160 3251 1184 3295 a

231 3330 307 3394 cive
335 3330 507 3396 addicitur
534 3332 695 3412 ignaviae.
747 3331 785 3395 Si
815 3330 860 3394 ad
891 3339 1030 3396 exteras
1060 3337 1182 3413 gentes

231 3427 379 3509 fugiant,
395 3429 515 3510 gloriae
533 3428 605 3493 fore
620 3429 857 3511 dispendium
878 3430 910 3492 si
923 3429 967 3492 ad
985 3437 1099 3507 notas,
1111 3448 1182 3492 me-

233 3527 399 3591 tuendum
414 3546 458 3591 ne
472 3546 551 3592 cum
567 3526 707 3592 fortuna
720 3521 889 3592 ²colorent
900 3527 1062 3592 animum.
1101 3527 1182 3590 Ple·

232 3643 358 3709 rosque
379 3625 470 3690 enim
492 3627 620 3708 probos
641 3632 677 3690 et
703 3625 856 3690 illustres
879 3627 973 3691 viros
995 3625 1060 3690 hac
1082 3645 1183 3690 occa·

233 3723 330 3788 sione
345 3743 474 3790 caesos:
500 3724 745 3808 experiendam
762 3732 878 3790 tamen
900 3732 1041 3802 sortem,
1057 3731 1092 3788 et
1106 3731 1183 3788 ten·

232 3822 377 3888 tandum
411 3831 532 3906 pectus
569 3823 712 3888 Ricardi
745 3822 1025 3888 Normannorum
1062 3824 1182 3902 ducis;

234 3923 293 4004 qui
307 3923 337 3987 si
352 3941 504 3987 sororem
520 3929 557 3986 et
569 3930 713 4008 nepotes
728 3942 798 3986 non
813 3923 952 4005 ingrato
975 3924 1091 3987 animo
1106 3941 1183 3985 sus-

268 4194 441 4267 ¹Titulotur.]
465 4201 494 4249 0.
513 4199 549 4250 D.
570 4199 619 4262 E.;
635 4201 696 4248 titu-
758 4191 917 4266 ²Coloreat.]
941 4198 974 4246 E.
994 4197 1043 4257 1..;
1067 4197 1185 4258 colerent,

233 4268 327 4330 lentur,
337 4267 371 4318 A.
383 4268 412 4319 S.
723 4267 756 4319 A.
770 4269 799 4319 S.
812 4267 862 4327 D.;
878 4267 1002 4328 tollerent,
1014 4267 1045 4316 G.

1031 4357 1079 4401 112
