3128 4976
390 481 457 548 244
606 497 870 548 cremandum
894 496 1109 546 nucnouuu.
1203 482 1289 564 [nia.
1305 497 1347 542 11.

392 655 605 733 frithbriche,
627 655 782 733 forsteal,
805 655 868 732 tol,
891 653 960 718 and
984 661 1088 733 team,
1111 653 1162 718 ita
1181 653 1288 716 libere
1310 658 1348 715 et

394 757 510 838 quiete
532 757 622 819 sicut
644 774 710 836 ego
731 755 842 819 habeo
863 755 900 818 in
922 773 1030 835 regno
1049 773 1139 817 meo.
1191 752 1347 816 Eandem

396 874 534 937 quoque
567 855 762 918 libertatem
786 860 822 917 ct
844 859 1065 936 potestatem,
1094 870 1198 934 quam
1221 870 1287 932 ego
1309 851 1347 914 in

397 954 493 1018 curia
522 973 599 1018 mea
628 952 751 1030 habco,
781 952 917 1016 tamin
946 952 1150 1016 dimittendo
1176 969 1281 1032 quam
1309 949 1348 1012 in

396 1051 583 1136 puniendo,
604 1053 641 1115 in
655 1052 865 1133 quibuslibet
886 1051 1025 1115 omnino
1048 1051 1197 1132 negotiis
1222 1043 1347 1113 ¹abbas

395 1159 433 1216 et
454 1151 614 1216 monachi
634 1151 773 1234 praefati
799 1151 1000 1214 monasterii
1020 1151 1057 1213 in
1078 1169 1145 1213 sua
1163 1149 1262 1212 curia
1284 1148 1348 1211 ha·

397 1253 511 1315 beant.
564 1251 601 1314 Si
622 1258 739 1314 autem
761 1251 868 1314 abbas
890 1251 947 1314 vel
971 1249 1160 1313 monachus
1185 1248 1351 1331 quislibet

397 1350 466 1414 loci
489 1349 583 1414 illius
605 1351 787 1427 latronem,
812 1350 872 1432 qui
898 1349 942 1413 ad
964 1349 1188 1430 suspendium
1218 1348 1274 1412 vel
1304 1346 1349 1409 ad

399 1449 577 1532 quodlibet
593 1451 715 1514 mortis
736 1450 927 1532 periculum
948 1447 1096 1524 ducitur,
1123 1447 1262 1511 obvium
1286 1445 1350 1509 ha·

399 1549 513 1612 buerit
536 1549 572 1611 in
593 1549 728 1626 itinere,
758 1549 908 1612 habeant
942 1553 1150 1629 potestatem
1183 1545 1351 1628 eripiendi

399 1667 478 1711 eum
500 1649 545 1710 ab
567 1647 759 1712 imminenti
786 1647 939 1729 periculo
968 1648 1005 1710 in
1029 1653 1105 1710 toto
1129 1665 1237 1726 regno
1259 1664 1349 1708 meo.

401 1746 575 1810 confirmo
597 1746 702 1810 etiam
726 1747 762 1810 et
785 1748 968 1811 corroboro
992 1752 1043 1822 ut,
1067 1746 1159 1828 quod
1181 1745 1350 1809 hactenus

400 1846 444 1909 ab
480 1846 639 1909 omnibus
679 1846 953 1910 antecessoribus
997 1845 1125 1909 nostris
1167 1845 1352 1926 diligenter

400 1945 621 2008 observatum
636 1951 701 2022 est,
715 1938 967 2009 ²Fontanensis
989 1945 1172 2027 episcopus
1195 1944 1251 2008 vel
1275 1943 1351 2026 ejus

401 2044 549 2108 ministri
573 2063 678 2126 super
692 2044 758 2108 hoc
779 2044 1026 2108 monasterium
1048 2045 1105 2108 vel
1130 2063 1235 2126 super
1247 2062 1351 2124 paro-

401 2143 531 2207 chiales
559 2143 711 2226 ejusdem
734 2144 909 2220 ecclesias,
925 2144 1098 2220 videlicet,
1121 2144 1228 2220 Strct,
1243 2141 1352 2206 Mire-

401 2241 507 2320 linch,
544 2243 775 2326 Budecalege,
811 2244 986 2329 Sceappic,
1022 2242 1127 2320 Sowi,
1156 2249 1218 2306 aut
1247 2260 1351 2323 super

402 2359 520 2404 earum
539 2342 703 2424 capellas,
726 2362 789 2406 nec
809 2342 913 2406 etiam
938 2362 1042 2424 super
1059 2361 1119 2406 eas
1138 2361 1217 2423 quae
1242 2341 1279 2404 in
1300 2340 1353 2402 in-

402 2439 488 2503 sulis
508 2441 739 2519 continentur,
759 2443 902 2519 scilicet,
921 2441 1121 2519 Beocherie,
1141 2461 1219 2524 quae
1236 2440 1353 2503 Par-va

403 2537 575 2604 Hibernia
596 2539 733 2619 dicitur,
749 2539 918 2618 Godenie,
939 2539 1153 2617 Mertinesie,
1179 2539 1352 2612 Pathene-

402 2640 520 2720 berge,
561 2639 758 2716 Edredcsie,
797 2641 1007 2717 Ferramere,
1044 2640 1176 2703 nullam
1213 2639 1354 2703 omnino

402 2746 611 2821 potestatem
632 2739 795 2816 habeant,
817 2741 884 2802 nisi
904 2746 1041 2804 tantum
1064 2759 1143 2803 cum
1162 2740 1206 2802 ab
1229 2738 1354 2802 abbate

404 2855 511 2901 causa
533 2838 713 2903 dedicandi
738 2839 795 2903 vel
822 2838 1004 2902 ordinandi
1028 2839 1188 2903 advocati
1202 2837 1352 2915 fuerint;

404 2956 468 3000 nec
490 2956 608 3001 eorum
630 2938 850 3020 presbyteros
873 2938 916 3001 ad
932 2936 1102 3021 synodum
1121 2956 1219 3000 suam
1236 2936 1293 3000 vel
1303 2935 1353 2999 ad

404 3035 593 3117 capitulum
616 3037 673 3099 vel
694 3035 739 3099 ad
762 3037 940 3118 quodlibet
961 3037 1127 3119 placitum
1150 3042 1354 3111 convocent,

404 3152 468 3196 nec
498 3134 543 3196 ab
579 3132 691 3199 officio
726 3134 844 3199 divino
881 3137 1106 3219 suspendant,
1137 3143 1177 3199 ct
1213 3135 1353 3199 omnino

404 3231 537 3295 nullum
556 3232 617 3315 jus
638 3232 675 3296 in
699 3253 760 3297 eos
784 3253 946 3299 exercere
973 3241 1196 3318 praesumant.
1250 3233 1354 3297 Mon-

404 3331 509 3395 achos
532 3351 625 3409 suoS,
648 3339 683 3396 et
697 3331 940 3416 praedictarum
963 3335 1184 3398 ecclesiarum
1199 3334 1354 3410 clericos

403 3430 590 3495 secundum
615 3433 794 3516 antiquam
816 3432 1070 3498 Glastoniensis
1094 3433 1248 3498 ecclesiae
1272 3453 1354 3497 con-

403 3532 631 3608 suetudinem,
655 3540 690 3596 et
713 3532 938 3615 apostolicam
963 3534 1217 3609 auctoritatem,
1241 3531 1353 3595 archi-

403 3632 562 3712 praesulis
577 3631 753 3695 Dunstani
767 3638 803 3696 et
822 3632 973 3695 omnium
996 3633 1234 3715 episcoporum
1256 3631 1356 3712 regni

403 3730 471 3792 mei
494 3749 651 3806 assensu,
675 3731 783 3794 abbas
798 3750 819 3793 a
834 3749 1049 3812 quocumque
1074 3730 1355 3813 comprovinciali

403 3827 566 3910 episcopo
591 3828 739 3893 voluerit
773 3829 925 3894 ordinari
955 3830 1083 3910 faciat3
1120 3829 1354 3894 dedicationes

402 3946 485 3992 vero
511 3947 642 4005 earum,
666 3927 697 3991 si
719 3928 763 3992 ab
794 3929 919 3993 abbate
943 3938 1088 4012 rogatus
1114 3929 1229 4006 fuerit,
1261 3929 1354 3992 Fon-

437 4217 563 4282 1noaa.]
580 4220 628 4279 n,
646 4221 760 4284 armas,
771 4223 806 4272 n.
890 4184 1114 4320 shjffiffl
1133 4188 1280 4252 ww]
1308 4188 1355 4238 ³¹·
