3112 4968
210 514 280 561 mn.
299 497 355 578 11.]
435 513 548 562 ousrn
573 513 700 562 nncun
724 512 939 561 nucnonun.
1096 497 1161 564 311

210 669 342 735 aderat.
410 669 633 754 Quapropter
661 672 737 736 Deo
768 671 998 755 omnipotenti
1012 671 1160 753 'gratias

208 770 411 850 magnificas
450 771 568 848 reddo,
599 773 681 854 quia
715 773 832 836 omnia
865 791 943 855 quae
978 770 1160 835 desidera·

209 887 339 946 veram,
364 877 468 951 prout
491 877 606 934 mente
632 871 863 948 decreveram,
886 890 1050 954 prospere
1078 890 1158 952 per-

209 965 287 1044 feci,
316 970 476 1052 votisque
512 971 598 1033 meis
627 972 670 1035 ad
701 971 791 1036 velle
825 971 991 1036 satisfeci.
1052 969 1159 1034 Nunc

209 1066 329 1149 itaque
352 1069 398 1132 sit
419 1076 540 1134 notum
567 1071 650 1152 quia
670 1071 737 1152 ipsi
760 1071 837 1134 Deo
860 1070 1009 1152 supplex
1032 1070 1158 1134 devovi

209 1167 319 1230 vitam
343 1187 456 1231 meam
479 1188 502 1232 a
528 1169 631 1233 modo
653 1171 690 1233 in
715 1170 873 1234 omuibus
893 1169 1100 1253 justificare,
1122 1176 1158 1234 et

209 1285 319 1348 regna
341 1262 589 1332 mihi'subdita
608 1269 824 1351 populosque
844 1269 941 1352 juste
968 1276 1004 1333 et
1024 1269 1081 1350 pie
1102 1288 1158 1332 re-

210 1383 525 1449 gere,aequumque
534 1367 703 1451 judicium
725 1388 787 1449 per
802 1361 937 1431 ¹omnes
953 1369 1156 1447 observare3

210 1472 246 1544 et
269 1465 299 1528 si
324 1466 407 1547 quid
437 1486 499 1547 per
521 1486 607 1530 meae
630 1468 827 1550 juventutis
856 1467 1157 1549 intemperantiam

210 1570 272 1627 aut
294 1564 541 1646 negligentiam
562 1567 741 1643 hactenus,
764 1574 890 1648 praeter
911 1567 947 1630 id
966 1566 1060 1649 quod
1079 1566 1157 1649 jus·

211 1670 285 1726 tum
309 1671 396 1742 erat,
420 1674 537 1730 actum
558 1672 623 1743 est,
639 1673 750 1730 totum
773 1666 850 1730 Deo
871 1666 1066 1730 auxiliante
1087 1665 1157 1728 dis-

210 1783 302 1844 pono
329 1764 522 1830 emendare.
574 1765 707 1830 Iccirco
736 1767 903 1841 obtestor,
930 1772 966 1829 et
993 1763 1158 1847 praecipio

209 1864 295 1926 meis
317 1863 522 1928 consiliariis
536 1865 661 1947 quibus
676 1866 776 1945 regni
790 1865 936 1929 consilia
956 1864 1098 1940 credidi,
1114 1884 1158 1927 ne

210 1962 282 2026 ullo
308 1963 422 2040 modo,
446 1971 507 2028 aut
532 1972 674 2046 propter
694 1984 808 2028 meum
831 1965 988 2029 timorem
1010 1970 1073 2027 aut
1092 1964 1158 2027 ali-

211 2063 311 2145 cujus
333 2065 486 2144 potentis
509 2084 667 2147 personae
684 2064 851 2141 favorem,
874 2064 1026 2146 aliquam
1046 2063 1158 2146 injus-

210 2162 323 2225 titiam
339 2181 361 2224 a
382 2164 484 2227 modo
508 2165 737 2240 consentiant,
754 2164 812 2228 vel
828 2163 959 2226 faciant
974 2162 1159 2245 pullulare,

210 2261 247 2322 in
273 2262 366 2324 omui
391 2281 499 2343 reguo
528 2282 616 2328 meo.
669 2263 840 2344 Praecipio
870 2263 975 2326 etiam
1000 2261 1159 2324 omnibus

210 2360 469 2424 vicecomitibus
491 2368 527 2425 et
547 2363 745 2445 praepositis
778 2361 931 2426 universi
959 2361 1058 2442 regni
1078 2362 1158 2438 mei,

211 2460 303 2524 sicut
324 2479 436 2524 meam
463 2461 587 2526 volunt
610 2461 736 2526 habere
762 2461 948 2526 amicitiam
972 2467 1034 2524 aut
1059 2479 1158 2524 suam

212 2559 372 2635 salutem,
394 2567 434 2624 ut
451 2560 538 2624 nulli
556 2561 698 2638 homini,
720 2580 783 2625 nec
798 2560 897 2625 diviti
916 2580 980 2625 nec
1002 2561 1159 2643 pauperi,

212 2660 283 2723 vim
298 2659 472 2742 injustam
496 2660 668 2740 inferant3
692 2661 753 2724 sed
778 2661 948 2737 omuibus,
963 2667 1035 2724 tam
1060 2660 1159 2723 nobi·

211 2758 302 2822 libus
325 2778 429 2840 quam
459 2760 681 2840 ignobilibus
709 2759 756 2824 sit
784 2760 838 2823 sas
863 2759 963 2843 justa
990 2759 1068 2840 lege
1096 2779 1160 2841 po-

212 2858 336 2935 tiundi,
362 2878 383 2921 a
405 2878 476 2942 qua
498 2878 562 2923 nec
583 2866 726 2943 propter
748 2859 903 2924 favorem
927 2858 1073 2941 regium,
1095 2877 1160 2922 nec

212 2965 354 3040 propter
374 2958 522 3043 alicujus
544 2960 695 3042 potentis
716 2974 912 3041 personam,
934 2978 997 3022 nec
1018 2964 1161 3041 propter

212 3057 296 3121 mihi
326 3056 579 3140 congerendam
609 3059 803 3140 pecuniam,
835 3058 906 3121 ullo
931 3058 1033 3123 modo
1064 3057 1160 3121 devi-
1217 3105 1227 3122 .

213 3165 284 3235 ent,
315 3158 399 3239 quia
426 3158 523 3221 nulla
551 3158 636 3221 mihi
664 3157 854 3223 necessitas
885 3166 939 3222 est
970 3165 1011 3222 ut
1040 3158 1160 3239 iniqua

213 3258 396 3320 exactione
425 3259 572 3339 pecunie
601 3258 685 3321 mihi
715 3255 935 3339 congeratur.
988 3256 1063 3338 Ego
1081 3257 1159 3320 -ita-

214 3374 281 3436 que
308 3362 429 3419 notum
458 3356 557 3420 vobis
588 3356 662 3420 fieri
690 3357 782 3432 volo,
814 3355 918 3438 quod,
947 3356 1070 3419 eadem
1102 3357 1161 3418 via

214 3473 284 3535 qua
306 3453 400 3518 exivi
425 3455 634 3536 regrediens,
657 3454 950 3518 Danemarchiam
971 3453 1075 3530 vado,
1097 3472 1165 3536 pa-·

214 3572 289 3616 cem
312 3560 347 3617 et
372 3553 508 3616 firmum
532 3562 685 3637 pactum,
708 3553 861 3617 omnium
876 3553 1057 3616 Danorum
1078 3571 1161 3616 con·

213 3653 303 3730 silio,
330 3655 583 3735 compositurus
612 3673 690 3718 cum
718 3653 768 3716 eis
800 3652 961 3734 gentibus
991 3671 1070 3734 quae
1098 3670 1162 3715 nos

215 3759 251 3815 et
273 3753 347 3816 vita
371 3760 407 3817 et
429 3772 537 3834 regno
559 3753 709 3835 privare,
736 3752 767 3815 si
794 3753 844 3816 eis
869 3758 961 3815 esset
986 3751 1163 3834 possibile,

215 3851 401 3931 volebant3
436 3852 496 3916 sed
520 3872 590 3916 non
616 3859 816 3934 potuerunt,
840 3852 918 3915 Deo
940 3850 1072 3915 scilicet
1095 3851 1164 3914 vir-

216 3958 326 4015 tutem
359 3971 478 4015 eorum
511 3952 722 4028 destruente,
752 3952 813 4035 qui
845 3970 909 4014 nos
942 3969 1007 4013 sua
1042 3950 1164 4032 benig·
1207 3985 1212 3994 ·
1261 3958 1263 3962 ’

216 4051 325 4116 nitate
356 4053 393 4114 in
420 4071 528 4133 regno
559 4052 747 4116 ethonore
775 4056 969 4128 conservet,
998 4049 1165 4113 omnium·

430 4285 436 4316 ¹
453 4288 562 4351 omnen]
580 4288 609 4338 C.
622 4288 657 4338 D.
670 4288 719 4348 E.;
735 4287 828 4350 omnia,
840 4285 872 4336 A.
885 4285 914 4336 S.
927 4285 958 4336 L.
