3128 4976
368 468 434 532 204
588 482 701 531 onera
726 483 853 531 aucun
877 483 1092 552 nncnoauu.
1177 471 1263 552 [nis.
1281 487 1321 533 11.

368 637 513 724 pauci,')
531 640 709 721 elegerunt
731 648 766 703 et
789 640 1044 703 constituerunt
1065 639 1222 721 singulos
1245 644 1321 725 epi-

368 759 493 822 scopos
518 739 663 821 singulis
692 739 879 821 provinciis
907 738 1136 816 Gewisorum,
1167 748 1204 804 et
1225 743 1318 822 quod

369 839 450 902 olim
487 839 557 902 duc
603 838 798 902 habuerunt
837 839 873 900 in
910 837 1063 920 quinque
1111 839 1315 905 diviserunt.

369 937 461 1002 Aeto
475 938 633 1015 concilio,
649 937 925 1020 archiepiscopus
941 936 1091 1001 Romam
1111 958 1190 1002 cum
1208 939 1318 1004 hono·

366 1038 471 1100 rificis
487 1037 683 1100 muneribus
706 1037 802 1112 adiit,
826 1055 952 1118 papam
972 1056 1099 1118 magna
1121 1037 1315 1104 humilitate

366 1137 531 1219 placavit,
546 1136 684 1200 decreta
700 1136 792 1218 regis
816 1136 987 1212 recitavit,
1010 1137 1102 1218 quod
1125 1139 1315 1218 apostohco

366 1237 517 1298 maxime
527 1235 668 1317 placuit.
692 1234 845 1298 Rediens
854 1235 898 1297 ad
908 1236 1068 1316 patriam,
1077 1237 1114 1298 in
1125 1238 1210 1301 urbe
1222 1236 1314 1301 Can-

367 1336 489 1398 tuariae
503 1355 573 1397 uno
587 1335 642 1397 die
656 1341 787 1416 septem
810 1334 989 1416 episcopos
1011 1337 1144 1417 septem
1159 1336 1314 1400 ecclesiis

366 1434 561 1512 ordinavit3
595 1434 837 1498 Fridestanum
860 1433 905 1496 ad
930 1434 1109 1497 ecclesiam
1136 1434 1312 1499 Wintoni-

365 1553 494 1610 ensem,
519 1532 749 1597 Adelstanum
777 1533 820 1595 ad
847 1531 1130 1610 cornubiensem,
1153 1534 1312 1600 Wersta-

364 1652 446 1694 num
469 1632 513 1695 ad
529 1631 841 1707 Scirebnrnensem‚
857 1629 1074 1696 Adelelmum
1095 1633 1140 1695 ad
1156 1633 1311 1698 Wellen-

363 1751 448 1807 sem,
465 1729 627 1794 Edullum
644 1731 688 1794 ad
704 1725 942 1794 ¹Cridiensem.
996 1731 1063 1795 Sed
1079 1738 1115 1795 et
1130 1732 1207 1795 aliis
1230 1754 1310 1816 pro-

363 1830 485 1893 vinciis
518 1831 700 1894 constituit
735 1829 822 1893 duos
859 1831 1051 1912 episcopos,
1085 1829 1309 1898 Australibus

363 1929 559 1992 Saxonibns
576 1929 688 1992 virum
702 1929 863 1992 idoneum
885 1930 1092 2011 Bernegum,
1115 1937 1150 1994 et
1167 1931 1309 1997 Merciis

364 2027 569 2091 Chenulfum
586 2028 631 2091 ad
653 2029 829 2091 civitatem
845 2022 1080 2093 ²Dorcestrae:
1111 2029 1175 2093 hoc
1192 2040 1307 2095 autem

362 2135 474 2190 toturn
505 2146 597 2209 papa
623 2127 785 2204 firmavit,
810 2135 850 2191 ut
873 2128 1096 2192 damnaretur
1119 2130 1156 2192 in
1185 2150 1306 2215 perpe·

361 2234 459 2290 tuum
473 2228 534 2308 qui
547 2227 612 2290 hoc
625 2226 815 2291 infirmaret
828 2227 1012 2291 decretum.

200 2347 269 2386 man
284 2347 309 2386 οι
412 2325 430 2408 §
443 2327 517 2390 130.
531 2326 736 2402 EdwarduS,
752 2326 923 2390 universae
940 2327 1052 2390 carnis
1069 2327 1162 2391 viam
1173 2328 1307 2410 ingres·

197 2396 315 2536 ἓξὲξ,
359 2443 431 2500 sue,
460 2426 606 2506 quiescit
629 2425 664 2487 in
694 2425 812 2489 eodem
847 2427 1054 2490 monasterio
1085 2446 1154 2507 quo
1183 2436 1304 2509 pater3

219 2525 223 2533 '
247 2525 251 2536 '
301 2527 306 2537 '
357 2524 449 2605 quod
465 2525 539 2606 ipse
556 2544 693 2607 quoque
709 2525 844 2605 magnis
862 2525 1051 2589 redditibus
1066 2527 1305 2607 ampliaverat,

355 2622 392 2686 in
415 2643 483 2706 quo
504 2631 540 2687 et
558 2617 658 2688 ³ante
681 2625 943 2707 quadriennium
966 2624 1108 2688 fratrem
1122 2624 1304 2690 Adelwar-

356 2723 437 2786 dum
453 2723 647 2806 sepelierat.

515 2915 563 2962 DE
586 2912 820 2961 ETHELS'PANO
844 2915 939 2961 FILIO
963 2915 1151 2962 EDWARDI.

193 3041 325 3090 netis-tn,
406 3019 510 3104 5131.
526 3014 646 3084 *Anno
666 3021 859 3084 Dominicae
875 3023 1125 3086 incarnationis
1147 3042 1303 3106 nongen-

193 3091 302 3130 A'D'm'
353 3120 476 3182 tesimo
500 3120 663 3183 vicesimo
690 3126 825 3201 quarto,
859 3121 1085 3185 Ethelstanus
1116 3122 1207 3186 filius
1232 3124 1303 3186 Ed-

1166 3275 1298 3284 -—

390 3348 583 3421 'casimansi
596 3352 630 3403 A.
640 3355 670 3402 G.
679 3354 715 3402 D.
725 3355 757 3403 Ε.
766 3355 814 3414 L.;
840 3369 869 3402 as
891 3359 916 3403 to
933 3355 975 3402 the
992 3353 1078 3403 feudal
1099 3355 1260 3416 dependenee
1278 3355 1309 3405 ol

354 3424 510 3473 Cridiensem
522 3425 546 3472 in
559 3424 684 3484 Devenit,
696 3424 725 3472 S.
840 3425 958 3473 Scotland
975 3439 1008 3472 011
1024 3425 1066 3473 the
1084 3425 1191 3486 English
1207 3441 1302 3487 crown,

390 3493 570 3558 ⁹Doreestroe.]
588 3493 621 3543 A.
635 3494 749 3542 C.D.E
768 3494 815 3553 L.;
842 3495 911 3556 King
939 3495 1051 3542 Edward
1084 3494 1107 3542 Ι.
1142 3496 1230 3543 issued
1260 3494 1301 3543 his

355 3565 617 3626 Dorcestraeinpago
628 3564 747 3622 Oxoniae,
759 3563 788 3612 S.
839 3565 910 3612 write
936 3564 1018 3612 under
1040 3565 1082 3612 the
1105 3570 1176 3624 great
1199 3565 1253 3613 seal
1276 3565 1305 3612 of

389 3631 400 3663 ³
426 3634 492 3682 Ante
513 3633 698 3696 quadriennium
707 3633 816 3692 fratrent
840 3633 967 3695 England,
977 3632 1115 3682 addressed
1132 3639 1157 3681 to
1173 3633 1217 3682 the
1234 3636 1304 3695 prin·

353 3702 526 3752 Adelwnrdum
544 3703 692 3766 sepelierat]
712 3703 816 3750 nethel·
839 3704 907 3764 cipal
925 3703 1068 3752 cathedrale
1078 3703 1129 3751 and
1139 3706 1302 3753 monasteries

354 3774 451 3833 weard,
472 3778 598 3834 youngest
621 3787 665 3820 son
694 3772 723 3819 ol
746 3773 816 3832 King
840 3773 866 3820 in
882 3774 924 3822 the
943 3773 1216 3834 realm‚commanding
1233 3773 1301 3822 them

354 3842 535 3902 Aelfred‚died
548 3842 606 3890 reth
618 3842 737 3902 October,
745 3841 815 3890 Aa).
840 3848 865 3891 to
874 3842 962 3891 search
973 3842 1038 3890 their
1049 3842 1188 3891 chronicles
1200 3843 1250 3891 and
1262 3858 1302 3891 ar·

354 3917 418 3973 9223
435 3913 519 3960 rather
530 3927 597 3960 more
608 3911 669 3959 than
680 3916 731 3959 two
742 3925 816 3970 years
840 3911 926 3961 chives
938 3911 1022 3968 forall
1035 3917 1139 3960 matters
1157 3913 1265 3973 relating
1276 3918 1302 3961 to

354 3981 439 4031 before
453 3982 500 4030 'the
517 3983 593 4030 death
613 3982 641 4030 of
657 3982 697 4029 his
715 3981 816 4028 brother
841 3981 969 4042 scotland,
980 3982 1030 4029 and
1041 3987 1067 4031 to
1078 3983 1194 4030 transmit
1205 3981 1247 4030 the
1263 3996 1302 4030 re·

354 4052 507 4100 Eadweard.
840 4053 905 4100 sults
915 4056 941 4099 to
952 4052 994 4099 the
1005 4052 1077 4113 king.
1105 4052 1158 4100 The
1167 4052 1301 4100 certificate

388 4119 478 4169 ⁴Aano
490 4120 625 4169 Dmninicoe
641 4119 817 4168 incarnationis
841 4126 896 4170 sent
913 4136 945 4169 on
962 4121 1017 4169 that
1035 4122 1152 4170 occasion
1174 4121 1237 4169 from
1261 4120 1302 4168 the

354 4192 533 4251 nongentesimo
559 4191 673 4238 vicesimo
700 4190 814 4252 quarta]
840 4196 981 4251 monastery
1004 4190 1033 4239 os
1053 4191 1227 4250 Malrnesbury
1245 4205 1304 4238 con·

353 4259 455 4320 During
471 4261 512 4308 the
530 4261 641 4308 national
656 4265 815 4318 controversy
841 4262 906 4309 taine
933 4260 992 4321 only
1019 4266 1070 4308 two
1098 4261 1158 4321 long
1186 4265 1304 4321 excerpts
