3162 4972
225 519 296 567 nm.
314 499 356 582 1.]
456 515 570 563 onera
597 512 724 564 aneon
748 507 963 567 Ascuonurrz
1120 497 1183 590 121

226 671 427 754 gradiatur:
452 671 544 734 unde
562 633 685 735 merito
708 668 818 736 omnis
834 689 896 753 per
911 670 1028 735 orbem
1048 667 1185 736 exultat

226 771 384 848 ecclesia,
413 771 495 855 quia
521 791 598 834 cum
621 770 774 834 omnium
797 790 900 835 verus
930 769 1186 834 Remunerator

225 873 398 935 bonorum
445 870 730 952 gloriosissimum
767 871 883 952 gregis
919 869 973 933 sui
1011 878 1186 952 pastorem

230 968 425 1036 Adrianum
439 979 608 1053 perpetuo
627 970 914 1034 remunerandum
933 984 1037 1053 super
1057 969 1187 1034 aethera

231 1070 400 1148 duxisset,
414 1070 486 1134 suis
502 1077 617 1134 tamen
631 1071 754 1135 ovibus
770 1070 829 1152 pia
844 1070 956 1133 erexit
968 1069 1188 1152 providentia

230 1171 410 1253 praevium,
426 1170 487 1253 qui
499 1169 565 1235 soit
579 1169 670 1234 ovile
683 1170 903 1234 Dominicum
920 1169 964 1232 ad
977 1170 1096 1233 caulas
1117 1190 1187 1233 non
1295 1211 1297 1218 ,

230 1269 374 1333 inferius
389 1269 472 1334 vitae
495 1271 639 1352 agitare.
693 1269 770 1333 Nos
793 1289 929 1351 quoque
943 1269 1079 1346 merito,
1099 1289 1186 1352 quos

232 1369 435 1432 extremitas
455 1369 547 1433 orbis
570 1375 678 1446 tenet,
694 1368 813 1432 eodem
836 1369 939 1432 modo
961 1389 1033 1451 prae
1051 1369 1186 1433 ceteris

232 1468 431 1549 gloriamur,
447 1470 530 1552 quia
546 1468 639 1532 illius
663 1469 856 1533 sublimitas
872 1475 993 1532 nostra
1010 1468 1106 1532 salus
1121 1476 1185 1546 est,

231 1568 325 1631 illius
349 1569 561 1651 prosperitas
585 1569 683 1632 nobis
705 1569 867 1651 perennis
889 1568 1080 1648 exultati03
1104 1569 1186 1651 quia

233 1667 324 1731 unde
347 1667 409 1731 tibi
431 1668 623 1751 apostolica
636 1667 799 1749 dignitaS,
814 1667 894 1730 inde
917 1668 1016 1731 nobis
1032 1667 1111 1730 fidei
1125 1687 1185 1732 ve·

233 1767 318 1831 ritas
343 1768 516 1832 innotuit:
551 1774 763 1850 quapropter
786 1774 1018 1849 opportunum
1039 1767 1187 1830 arbitror

233 1867 302 1931 tuis
335 1868 464 1930 sanctis
490 1867 703 1951 jussionibus
726 1886 843 1930 aurem
872 1866 1075 1930 obedientiae
1105 1886 1185 1930 nos-

234 1976 297 2031 trae
320 1965 494 2031 humiliter
513 1965 684 2043 inclinari,
707 1973 742 2032 et
765 1985 843 2048 quae
875 1972 945 2031 tua
977 1966 1098 2048 pietati
1121 1967 1186 2031 rite

233 2067 332 2131 nobis
363 2066 539 2148 sequenda
567 2066 750 2131 videantur
778 2073 853 2130 toto
885 2065 962 2128 nisu
991 2066 1185 2149 implenda3

234 2185 312 2249 quae
341 2185 424 2230 vero
455 2165 581 2230 rationi
609 2166 783 2230 contraria
817 2165 1031 2247 deprehensa
1058 2164 1187 2229 suerint

234 2266 336 2330 citius
350 2265 568 2344 declinanda,
592 2285 633 2328 ac
646 2265 783 2329 interim
806 2284 827 2329 a
849 2265 948 2329 nobis
963 2258 1186 2329 ¹0mnimodis

233 2365 429 2432 resecanda.
482 2365 550 2429 Sed
566 2364 667 2429 modo
693 2385 758 2446 ego
782 2363 968 2442 Kenulqu,
990 2364 1104 2446 gratia
1118 2365 1187 2429 Dei

233 2485 309 2542 rex,
332 2465 572 2530 excellentiam
595 2472 691 2529 tuam
713 2464 852 2528 humilis
868 2484 987 2541 exoro,
1001 2473 1041 2529 ut
1057 2477 1091 2529 te
1111 2465 1186 2528 sine

232 2564 424 2632 offensione
451 2566 557 2629 animi
581 2564 701 2641 vestri,
732 2563 774 2627 de
803 2563 960 2646 prosectu
992 2573 1124 2640 nostro,
1146 2570 1187 2628 ut

235 2671 409 2748 optamus,
431 2665 535 2733 liceat
550 2663 692 2747 alloqui,
707 2669 878 2747 quatenus
898 2683 952 2727 me
966 2664 1002 2726 in
1018 2664 1185 2745 gremium

236 2765 376 2847 pietatis
399 2772 469 2829 tuae
493 2764 682 2846 tranquilla
703 2783 789 2846 pace
814 2762 997 2846 percipias,
1022 2769 1058 2828 et
1085 2782 1186 2845 quem

237 2865 436 2929 meritorum
461 2864 557 2928 nulla
583 2863 732 2928 facultas
760 2863 874 2945 erigit,
902 2863 1001 2944 larga
1026 2862 1186 2927 benedic·

237 2963 341 3028 tionis
356 2971 426 3028 tuae
441 2965 582 3028 ubertas
599 2964 642 3028 ad
657 2964 792 3047 plebem
812 2983 910 3028 suam
926 2963 1112 3044 regendam
1134 2962 1186 3026 lo·

232 3065 408 3146 cupletet3
443 3071 483 3128 ut
509 3083 580 3129 una
603 3082 736 3128 mecum
765 3069 915 3145 gentem,
942 3081 1044 3146 quarn
1070 3069 1189 3126 vestra

237 3165 429 3246 apostolica
451 3163 640 3228 auctoritas
655 3163 735 3227 fidei
753 3163 955 3227 rudimentis
976 3162 1111 3240 imbuit,
1126 3182 1189 3244 per

236 3262 516 3328 intercessionem
546 3270 642 3326 tuam
669 3270 791 3327 contra
813 3263 963 3346 impetus
991 3272 1188 3327 exterorum

239 3361 467 3446 Omnipotens
482 3363 606 3444 erigat,
630 3369 666 3425 et
688 3382 749 3445 per
767 3381 804 3424 se
824 3380 981 3444 regnum,
1001 3361 1093 3443 quod
1114 3362 1188 3444 ipse

237 3462 336 3526 Deus
351 3462 446 3526 dedit
461 3461 572 3539 nobie,
587 3461 733 3525 dilatare
749 3460 922 3541 dignetur.
966 3457 1070 3523 Hanc
1083 3459 1188 3523 bene·

237 3562 421 3625 dictionem
445 3580 576 3638 omnes,
599 3561 761 3642 quiante
784 3579 838 3622 me
863 3560 999 3641 sceptro
1020 3557 1190 3641 praefuere

240 3659 461 3736 Marciorum,
475 3666 675 3723 meruerunt
687 3660 731 3722 ab
747 3657 1022 3722 antecessoribus
1036 3659 1106 3722 tuis
1115 3657 1189 3722 adi·

237 3759 325 3841 pisci
339 3780 348 3839 ;
372 3758 461 3822 hanc
476 3759 550 3840 ipse
564 3757 703 3822 humilis
714 3766 808 3841 peto,
823 3766 858 3822 et
873 3777 895 3821 a
909 3758 1007 3823 vobis
1022 3757 1072 3845 (Ο
1088 3777 1189 3822 sanc·

236 3854 402 3942 tissimit)
430 3859 614 3940 impetrare
652 3859 765 3940 cupio,
797 3867 967 3940 quatenus
1004 3859 1041 3921 iu
1070 3857 1190 3940 primis

237 3957 435 4042 adoptionis
460 3965 553 4023 sorte
576 3978 630 4021 me
656 3957 720 4022 tibi
741 3957 849 4021 illium
873 3957 1053 4038 suscipias,
1088 3956 1190 4022 sicuti

239 4065 274 4128 te
300 4058 337 4124 in
362 4059 472 4141 patris
496 4077 644 4141 persona
668 4056 787 4139 diligo,
818 4064 853 4120 et
880 4055 964 4120 totis
986 4055 1190 4120 obedientiae

289 4290 295 4319 ¹
307 4292 480 4356 omnimode]
488 4291 522 4344 A.
533 4293 562 4342 C.
571 4292 605 4342 D.
615 4290 646 4341 L.
655 4290 693 4341 M.
704 4306 711 4352 ;
728 4289 878 4353 omnimodo,
890 4289 937 4351 S.;
955 4287 1104 4352 omnimode,
1119 4289 1149 4340 Ε.
