3106 4974
245 502 313 551 nra.
333 487 376 568 1.]
471 502 585 551 cnsrn
610 503 737 552 uneuu
761 502 972 554 auctorum
1152 493 1199 557 49

243 661 406 746 martyris
431 659 587 727 Indraoti
609 671 643 727 et
667 663 838 727 sociorum
862 664 938 747 ejus
963 635 1120 748 corpora,
1152 663 1339 728 derasum«

238 763 318 827 loco
346 763 503 846 martyrii
532 762 714 840 translata,
739 763 846 846 jussit
874 763 1003 828 inferri.
1078 764 1195 846 Ipsius

241 863 380 946 quidem
394 863 431 925 in
450 862 586 945 lapidea
604 863 783 945 pyramide
806 864 851 927 ad
871 863 1049 929 sinistrum
1073 863 1194 928 altaris

1208 736 1355 788 Glutonbury.

237 1090 283 1138 tris
290 1104 391 1150 quoqne
397 1089 488 1139 diebus
494 1090 702 1152 insignissimum,
727 1090 852 1152 virginum
863 1091 965 1152 chorus,
976 1093 1080 1140 tenonis
1092 1089 1193 1142 deside·

238 1160 306 1221 quod
317 1161 344 1210 iu
355 1160 465 1221 quodam
475 1161 584 1221 palustri
598 1174 700 1209 recessu
727 1160 773 1208 riis
788 1164 914 1224 castratis,
925 1176 1030 1223 superos
1047 1164 1192 1224 suspirabat

239 1231 387 1290 construxit,
398 1234 427 1277 ut
438 1230 535 1279 scilicet
545 1245 575 1278 eo
586 1231 701 1279 tenacius
726 1245 833 1281 amores.
854 1232 972 1281 Accessit
981 1233 1046 1281 sacri
1058 1233 1192 1290 caelibatus

237 1301 355 1360 supernis
371 1299 486 1348 monachi
503 1299 637 1361 inhiarent,
649 1315 700 1361 quo
727 1301 811 1351 studio
821 1302 942 1350 librorum
954 1302 1066 1351 Aldelmi
1081 1303 1122 1351 De
1134 1303 1191 1352 Vir-

238 1370 387 1431 castigatius
408 1374 507 1419 terrena
531 1370 613 1418 oculis
638 1369 701 1418 hau·
726 1371 831 1431 ginitate
862 1372 948 1432 lectio,
978 1372 1190 1434 Berkingensium

236 1440 322 1488 rirent.
358 1440 442 1488 Affuit
451 1439 556 1489 consilio
570 1445 643 1500 pater
654 1441 700 1488 Al·
726 1440 828 1499 quidem
839 1441 933 1488 nomini
944 1441 1071 1505 dedicata,
1082 1444 1128 1491 sed
1138 1457 1190 1491 om·

235 1508 702 1572 delmus‚cujusillepraeceptaaudie-
725 1510 800 1558 nibus
818 1512 924 1560 eandem
942 1509 1122 1572 professionem
1144 1526 1190 1560 an-

236 1580 280 1627 bat
301 1579 438 1639 humiliter,
454 1579 610 1641 suscipiebat
627 1595 700 1643 gran-
725 1578 869 1629 halantibus
890 1581 1008 1630 valitura.
1045 1581 1145 1630 Habuit
1163 1586 1190 1631 et

236 1649 310 1711 diter,
320 1649 476 1711 adimplebat
485 1650 606 1700 hilariter.
647 1650 700 1699 De·
725 1664 829 1698 uxorem
846 1651 1037 1712 Ethelburgam,
1058 1650 1188 1709 foeminam

235 1719 310 1780 nique
332 1724 358 1768 et
378 1719 541 1781 privilegium
563 1721 631 1780 quod
654 1736 699 1781 pro
724 1733 785 1768 sane
796 1721 860 1782 regii
872 1721 970 1781 generis
982 1725 1007 1768 et
1018 1720 1111 1781 animi3
1128 1736 1187 1781 quae

232 1789 346 1838 libertate
368 1790 574 1838 monasteriorum
596 1804 698 1839 suorum
724 1789 786 1837 dum
802 1791 888 1838 crebro
904 1791 952 1838 riri
968 1790 1102 1839 instillaret
1117 1792 1187 1840 auri·

234 1860 266 1907 ab
277 1859 415 1920 apostolico
426 1860 514 1921 Sergio
521 1861 699 1920 impetraverat
724 1860 771 1908 bus
788 1865 818 1908 ut
838 1859 971 1908 mundanis
991 1861 1068 1908 rebus
1086 1861 1126 1908 rel
1143 1875 1187 1910 ex,

234 1928 314 1978 libens
331 1931 494 1990 confirmavit,
510 1935 536 1978 ct
552 1931 632 1978 multa
646 1930 697 1979 Dei
722 1931 808 1978 tremis
824 1931 896 1978 annis
912 1929 1089 1990 valefacerent,
1099 1935 1125 1978 et
1141 1931 1185 1980 ille

233 1997 335 2048 famulis
351 2001 407 2062 ejus
423 2000 524 2049 hortatu
540 2001 656 2062 contulit,
671 2005 697 2048 et
721 1999 860 2048 hortantem
871 1999 953 2048 dedic
964 2001 991 2047 in
1002 1999 1069 2048 diem
1076 2000 1185 2064 differet,

233 2069 266 2117 ad
277 2074 415 2118 extremum
427 2071 576 2131 episcopatu
587 2071 695 2119 reniten-
720 2074 778 2118 astu
789 2070 891 2119 tandem
901 2069 1002 2118 vinome
1013 2073 1096 2130 parat.
1119 2069 1184 2118 Cum

232 2143 282 2186 tem
298 2139 443 2199 honorarit;
465 2140 526 2188 lioet
537 2141 615 2188 vitam
631 2142 695 2188 tanti
719 2140 786 2187 enim
804 2141 914 2201 quadam
932 2141 988 2188 vice
1007 2139 1078 2200 apud
1096 2139 1183 2196 villum

231 2209 280 2256 viri
301 2211 395 2258 mundo
417 2211 469 2258 cita
484 2223 551 2258 mors
567 2210 694 2272 inviderit,
719 2209 814 2271 ingenti
840 2210 950 2258 tumultu
977 2209 1076 2269 regales
1103 2208 1182 2261 luxus

231 2279 275 2326 vix
291 2280 357 2328 enim
376 2281 448 2328 annis
466 2284 574 2339 quatuor
596 2281 694 2341 episco·
717 2279 908 2340 explicuissent,
923 2277 1045 2340 postridie
1061 2292 1120 2327 cum
1130 2278 1184 2327 dis·

231 2354 293 2408 patu
305 2348 406 2398 functus
416 2349 525 2398 animam
537 2350 603 2398 coelo
613 2349 693 2399 thuri·
716 2350 861 2411 cessissent,
867 2349 977 2408 villicus,
982 2362 1015 2396 ex
1021 2348 1117 2409 reginae
1124 2362 1183 2396 con·

230 2419 323 2480 fcerit,
339 2435 404 2468 anno
420 2419 561 2468 Dominicae-
579 2419 691 2469 incarna-
717 2419 831 2480 scientia,
847 2419 970 2479 palatium
988 2422 1083 2478 quanta
1098 2422 1182 2478 potest

230 2487 306 2537 tionis
313 2490 612 2552 septingentesimonono.
642 2491 693 2538 Fu·
717 2487 884 2549 deformitate,
901 2493 953 2536 tam
971 2487 1029 2535 limo
1046 2487 1184 2550 pecudum,

230 2564 303 2607 erunt
325 2561 369 2620 qui
395 2560 507 2608 dicerent
529 2574 587 2608 eum
611 2558 692 2609 fuisse
716 2572 793 2618 quam
812 2572 904 2619 aggere
922 2557 1050 2616 ruderum,
1066 2555 1181 2607 infumat.

228 2630 296 2688 regis
306 2634 422 2690 nepotem
433 2644 465 2678 ex
473 2630 598 2678 Kentenio
606 2629 691 2692 fratre,
718 2629 848 2676 Postremo
859 2629 885 2674 in
895 2627 961 2674 lecto
971 2625 1016 2673 ubi
1027 2626 1178 2688 cubuerant,

229 2698 274 2746 sed
292 2714 341 2748 non
358 2700 456 2760 placuit
477 2700 549 2747 nobis
571 2713 616 2760 pro
632 2715 691 2748 vero
716 2712 818 2758 porcum
834 2697 931 2745 noviter
946 2695 1047 2742 enixum
1064 2694 1179 2744 collocat.

227 2781 343 2830 arrogare
377 2769 446 2830 quod
478 2769 561 2829 magis
591 2769 692 2818 videtur
717 2767 826 2828 Interea,
843 2779 902 2816 cum
914 2767 969 2827 Jam
986 2764 1046 2825 plus
1062 2763 1180 2813 milliario

228 2838 340 2898 opinioni
355 2838 464 2887 blandiri
478 2840 603 2900 volaticae,
615 2855 691 2900 quam
716 2851 862 2897 processum
890 2839 966 2897 esset,
994 2833 1040 2882 illa
1061 2834 1179 2881 maritum

228 2908 359 2957 stabilitati
389 2909 521 2957 convenire
554 2908 690 2971 historicae,
716 2909 813 2956 uxoriis
831 2904 1000 2955 delinimentis
1022 2903 1180 2966 aggreditur,

226 2980 366 3039 praesertim
382 2994 440 3028 cum
455 2993 580 3039 nusquam
597 2980 690 3028 aban·
715 2991 806 3038 rogans
829 2981 857 3024 ut
878 2974 940 3024 illuc
968 2973 1035 3022 unde
1065 2974 1180 3022 abierant

223 3048 689 3110 tiquoscriptumreperiatur‚ethr0-
714 3045 952 3106 necessariopedem
960 3042 1179 3104 referant;magni
1212 3080 1215 3085 .

226 3118 283 3166 nica
294 3119 378 3179 palam
389 3119 534 3180 pronuntiet
544 3118 617 3166 lnam
633 3121 688 3168 nul·
714 3116 866 3165 discriminis
882 3129 935 3164 rem
951 3114 1013 3174 fore,
1029 3114 1052 3162 si
1069 3127 1118 3161 non
1134 3127 1180 3160 ex·

226 3187 278 3235 lum
294 3189 396 3239 fratrem
412 3189 532 3237 habuisse
543 3192 636 3248 praeter
647 3189 689 3236 In·
714 3188 811 3237 audiat.
847 3187 885 3234 Re
907 3199 957 3233 non
978 3183 1113 3232 difficulter
1131 3182 1179 3229 im-

225 3257 347 3321 igeldum‚
366 3259 411 3320 qui
429 3259 520 3320 paucis
538 3259 611 3306 annis
630 3264 688 3308 ante
713 3261 821 3318 patrata,
832 3271 877 3304 rex
888 3255 977 3303 ridens
993 3254 1077 3302 locuni
1093 3252 1176 3312 pridie

225 3327 309 3387 ipsum
332 3330 449 3378 decessit.
484 3329 543 3376 Non
561 3333 620 3390 eget
641 3329 688 3376 Al·
713 3325 918 3387 Sardanapalicis
946 3322 1046 3372 deliciis
1081 3336 1177 3384 parem,

224 3397 323 3448 delmus
344 3405 374 3448 ut
395 3399 533 3448 mendaciis
550 3402 686 3448 asseratur.
713 3411 778 3444 nunc
795 3396 866 3445 foeda
880 3393 1016 3442 solitudine
1030 3390 1177 3452 deformem,

222 3468 303 3517 Tanta
314 3474 373 3518 sunt
383 3469 415 3518 dc
426 3469 470 3516 illo
481 3483 539 3528 quaa
556 3467 686 3516 indubiam
712 3467 825 3527 miratur,
843 3465 971 3523 tacitoque
985 3461 1086 3522 judicio
1108 3461 1176 3508 oculi

223 3537 686 3599 depromantfidem,totsuntquaenon
710 3550 763 3583 rem
785 3535 958 3583 examinantes
985 3530 1018 3578 ad
1045 3528 1176 3577 mulierem

222 3610 356 3657 veniantin
367 3610 445 3658 litem.
462 3608 563 3656 Habuit
571 3607 686 3657 sanelna
710 3604 816 3652 rediere.
857 3604 928 3651 Tunc
949 3601 995 3648 illa
1016 3599 1174 3646 occasionem

221 3691 319 3727 sorores
346 3679 520 3740 cuthburgam
547 3681 573 3725 et
600 3678 686 3728 Quen·
710 3679 847 3735 aucupata,
867 3673 1005 3730 laetumque
1032 3667 1176 3731 subridens,

222 3748 344 3809 burgum:
357 3748 507 3810 Cuthburga
513 3747 613 3795 Alfrido
620 3747 684 3795 Nor·
710 3745 768 3792 “Et
779 3745 822 3792 ubi
836 3739 920 3804 sunt,'’
932 3741 977 3800 ait,
983 3741 1000 3767 ‘⁴
1006 3737 1106 3788 domine
1114 3752 1174 3786 con-

220 3817 415 3867 thanimbrorum
434 3819 488 3880 regi
506 3821 613 3878 nuptum
635 3822 685 3865 tra-
706 3811 1024 3876 jux,hestemistrepitusi
1036 3808 1173 3859 ubiaulaeu

220 3888 685 3950 dita,sed,nonpostmultumconjugio
710 3884 820 3933 Sidoniis
832 3883 897 3931 fucis
912 3881 997 3930 ebriat
1020 3879 1066 3926 ubi
1076 3879 1173 3938 parasi-

220 3958 334 4018 diducto,
349 3959 430 4020 primo
446 3958 516 4018 apud
527 3956 683 4018 Berkingum
709 3957 791 4001 torum
801 3953 945 4000 discurrens
955 3947 1111 4008 petulantia?
1127 3946 1172 3992 ubi

221 4029 269 4076 sub
296 4029 425 4077 abbatissa
453 4026 595 4087 Hildelida‚
626 4041 684 4074 mox
710 4023 830 4072 Daedalia
847 4033 910 4069 vasa
926 4017 1035 4078 pondere
1060 4014 1173 4062 metallo·

220 4098 277 4158 ipsa
293 4099 415 4161 magistra
428 4098 524 4159 regulae
537 4096 684 4144 Wimbume
709 4107 764 4140 rum
776 4104 876 4139 mensas
886 4090 956 4149 ipsas
966 4085 1110 4134 onerantia?
1127 4083 1172 4150 ubi

219 4167 276 4216 Deo
303 4169 423 4228 placitam
449 4169 527 4216 vitam
553 4165 684 4227 transegit.
709 4167 776 4210 terra
791 4160 904 4219 marique
921 4153 1172 4234 exquisitaadgulae

220 4237 299 4288 Vicus
322 4243 361 4286 est
382 4238 456 4286 modo
474 4236 601 4299 ignobilis,
624 4240 684 4284 tunc
709 4231 859 4280 lenocinium
866 4227 986 4277 obsonia?
1002 4239 1083 4272 nonne
1090 4237 1174 4272 omma

219 4309 337 4369 temporis
349 4308 465 4370 insignis,
476 4305 684 4366 inquofrequens
708 4302 794 4350 fumus
811 4305 836 4349 et
852 4302 958 4347 ventus?
975 4299 1001 4344 et
1017 4310 1056 4342 vae
1073 4295 1113 4343 bis
1128 4295 1174 4354 qui

1000 4387 1020 4432 Ε
