3112 4968
405 429 471 495 366
625 443 739 491 ousru
763 441 890 490 nnouu
915 440 1129 495 suetonum
1212 429 1299 510 [ma.
1317 445 1357 490 11.

407 609 523 666 menta
551 599 776 682 decapitavit.
822 599 973 662 Emicuit
999 607 1079 682 post
1111 619 1229 664 necem
1262 600 1358 664 beati

408 702 475 767 viri
498 707 686 765 transactae
712 699 795 763 vitae
819 699 955 781 puritas
977 699 1155 763 miraculis
1177 699 1358 763 inauditis.
1411 714 1414 718 ·

409 801 538 884 Caput,
556 820 578 864 a
594 818 739 882 corpore
755 798 889 862 lictoris
905 799 1043 862 saevitia
1059 797 1221 877 divisum,
1237 799 1359 863 dume-

409 908 447 966 ta
469 900 732 984 projicientibus
750 897 863 961 Danis
884 898 1126 963 occuluerant:
1158 899 1252 981 quod
1275 898 1358 961 dum

409 1000 503 1064 cives
530 1004 738 1081 quaererent,
756 996 892 1061 hostem
917 997 1101 1061 abeuntem
1123 999 1282 1080 vestigiis
1304 1000 1357 1062 in-

409 1100 533 1175 secuti,
555 1098 668 1160 funeri
691 1096 789 1178 regio
813 1097 930 1179 justas
954 1097 1103 1161 soluturi
1127 1097 1281 1174 inferias,
1300 1097 1358 1181 jo-

409 1198 524 1263 cunda
551 1198 619 1262 Dei
646 1215 789 1260 munera
815 1194 985 1276 hausere3
1015 1197 1206 1261 exanimati
1232 1198 1356 1280 capitis

409 1318 530 1363 vocem
551 1314 766 1379 expressam,
784 1314 903 1359 omnes
921 1295 965 1360 ad
982 1316 1020 1360 se
1037 1296 1245 1361 lustratores
1269 1297 1358 1360 invi-

410 1398 529 1462 tantis.
585 1396 740 1479 Lupum,
761 1394 870 1458 seram
903 1395 1065 1460 cadaveri
1091 1402 1280 1474 assuetam,
1307 1397 1360 1459 la·
1397 1427 1401 1436 ·

410 1499 514 1561 certis
531 1495 618 1562 illud
636 1489 931 1577 ¹circumplexum,
949 1496 1127 1565 innoxiam
1144 1495 1357 1578 praetendere

410 1596 625 1661 custodiam:
658 1594 816 1672 eundem,
842 1613 938 1658 more
969 1595 1149 1659 domestici
1186 1596 1358 1673 animalis,

410 1697 548 1781 bajulos
570 1701 651 1779 post
673 1701 809 1776 tergum
831 1693 986 1758 modest'e
1012 1694 1057 1758 ad
1081 1695 1237 1759 tumbam
1262 1714 1359 1759 secu·

410 1803 497 1872 tum,
512 1794 645 1857 nullum
663 1793 807 1871 laesisse,
825 1813 847 1856 a
863 1793 959 1858 nullo
977 1794 1101 1858 laesum
1118 1813 1206 1859 esse.
1258 1793 1358 1858 Tunc

411 1915 475 1978 pro
500 1901 656 1976 tempore
683 1891 779 1956 humi
804 1891 972 1956 traditum
997 1911 1123 1976 corpus
1151 1895 1358 1972 venerabile,

412 2002 526 2058 terrea
553 1993 656 2076 gleba
680 1991 890 2076 superjecta,
919 1989 954 2056 et
982 1993 1084 2057 exilis
1106 1995 1209 2077 pretii
1241 1995 1359 2076 lignea

413 2094 548 2176 capella
579 2098 828 2175 superstructa.
879 2091 948 2156 Sed
981 2093 1104 2157 aderat
1133 2095 1361 2157 oscitantibus

413 2193 685 2276 provincialibus
698 2191 810 2255 virtus
833 2193 1008 2275 martyris,
1024 2193 1243 2276 semisopitas
1266 2212 1360 2256 men·

413 2299 467 2357 tes
494 2311 614 2357 eorum
638 2291 762 2356 adsui
787 2293 1016 2355 reverentiam
1042 2293 1153 2374 signis
1181 2293 1360 2371 excitans3

415 2399 450 2456 et
481 2393 557 2455 leve
590 2390 730 2474 quidem
761 2408 802 2452 ac
835 2389 1000 2471 frigidum
1031 2392 1090 2469 sit,
1121 2392 1182 2455 sed
1212 2394 1361 2476 primum

414 2485 602 2556 ²virtutum
630 2489 706 2573 ejus
735 2489 1023 2571 experimentum,
1051 2491 1142 2574 quod
1167 2491 1360 2576 subjiciam.

416 2590 661 2666 Latrunculos,
684 2595 791 2652 noctu
816 2605 952 2652 sacram
982 2590 1092 2654 aedem
1115 2592 1270 2673 expilare
1299 2610 1362 2674 ag-

416 2709 568 2773 gressos,
598 2689 721 2752 invisis
754 2688 839 2752 loris
869 2689 906 2751 in
942 2691 1028 2772 ipsis
1064 2693 1244 2755 conatibus
1277 2691 1363 2754 irre·

417 2791 517 2870 tivit3
542 2789 693 2853 formoso
715 2786 900 2851 admodum
926 2790 1137 2871 spectaculo,
1155 2790 1247 2874 quod
1274 2810 1363 2872 prae-

416 2891 464 2954 da
484 2888 665 2973 praedones
684 2887 808 2963 tenuit,
831 2893 871 2950 ut
888 2907 951 2952 nec
969 2897 1085 2972 coepto
1103 2889 1281 2967 desistere,
1299 2910 1363 2953 nec

417 2989 581 3053 inchoata
595 2987 752 3051 valerent
777 2986 953 3068 perlicere.
1006 2987 1230 3074 Quapropter
1251 2989 1364 3053 Theo-

418 3088 544 3151 dredus
560 3084 749 3149 Londoniae
766 3087 906 3166 praesul,
918 3089 978 3170 qui
992 3089 1085 3171 apud
1102 3096 1261 3154 sanctum
1273 3088 1366 3152 Pau-

418 3188 491 3250 lum
515 3187 623 3271 jacet,
643 3183 787 3267 plebeiae
809 3185 978 3250 machinae
1004 3188 1204 3254 diuturnam
1226 3183 1365 3252 samoli-

419 3296 476 3352 tus
491 3295 545 3351 est
561 3283 736 3368 injuriam,
754 3285 937 3366 augustius
951 3287 1134 3353 aedificium
1148 3308 1252 3371 super
1263 3307 1365 3353 vene-

419 3387 529 3452 randa
544 3384 701 3468 *membra
726 3384 887 3465 molitus;
914 3406 992 3468 quae
1019 3396 1055 3452 et
1073 3388 1231 3454 miranda
1253 3391 1366 3452 incor-

419 3489 593 3572 ruptione,
627 3491 662 3547 et
695 3483 808 3547 lacteo
840 3485 991 3566 quodam
1024 3488 1185 3565 candore,
1219 3487 1364 3570 gloriam

420 3594 551 3650 sanctae
572 3584 696 3648 animae
711 3582 959 3665 praedicabant.
1012 3586 1140 3672 Caput,
1158 3589 1240 3652 olim
1256 3606 1277 3650 a
1294 3606 1367 3650 cer-

420 3687 496 3751 vice
522 3683 710 3761 revulsum,
741 3701 832 3745 nunc
860 3685 993 3769 reliquo
1025 3688 1160 3772 corpori
1192 3685 1368 3768 compagi-

421 3794 554 3862 natum,
572 3784 710 3865 signum
724 3788 841 3846 tamen
858 3787 1016 3869 martyrii
1031 3786 1368 3864 coccineacicatrice

456 4004 698 4070 wir—camptona]
735 4001 769 4050 A.
797 4005 826 4054 0·
849 4007 885 4056 D·
945 4029 1091 4082 ulnarum
1111 4037 1149 4082 eu
1170 4032 1313 4096 tunnam]
1338 4033 1368 4080 c.

422 4081 516 4178 E.²L.j
533 4075 744 4140 ⁰0111Pl⁸¹¹¹ffl⁹⁸·
879 4163 885 4174 Ι
912 4101 946 4151 D.
970 4105 1020 4166 E.;
1049 4104 1154 4154 sustulit
1183 4103 1314 4166 invidiam,
1334 4101 1369 4150 A·

483 4141 629 4213 Virtutum]
645 4145 679 4196 A·
694 4147 724 4196 C·
743 4150 779 4200 D·
792 4150 823 4198 E·
836 4148 885 4207 L.,
912 4171 941 4220 s,
952 4174 984 4224 L,

421 4220 525 4270 omitted
536 4223 562 4268 in
575 4219 603 4268 S·
660 4265 661 4268 η
