3128 4976
386 473 452 537 218
616 487 729 534 casm
753 487 880 535 aucun
903 485 1118 534 arenosum
1196 473 1283 552 [nra.
1298 491 1338 537 11.

389 642 459 706 His
485 642 592 705 tantis
618 649 750 706 ettam
775 635 962 706 elaboratis
990 642 1089 705 donis
1113 644 1337 724 magnificen-

389 743 544 806 tissimus
571 760 634 803 rex
661 742 817 821 gavisus,
844 761 914 804 non
945 741 1136 804 minoribus
1165 761 1253 823 pene
1283 765 1337 807 re-

389 840 530 922 spondit
558 840 745 917 beneficiis,
771 839 857 920 quin
883 833 935 903 ¹et
965 840 1160 904 anhelantis
1185 843 1337 906 animum

389 940 520 1021 nuptiis
535 939 664 1002 sororis
680 939 812 1002 reiecit.
870 931 936 1002 ²Et
952 939 1088 1002 caeteris
1104 939 1244 1020 quidem
1259 959 1338 1004 suc-

389 1057 543 1101 cessores
565 1057 666 1118 reges
687 1030 851 1100 ³ditavit:
885 1043 1021 1119 partem
1050 1057 1134 1101 vero
1162 1040 1274 1102 crucis
1302 1047 1338 1103 et

389 1155 526 1200 coronae
543 1135 790 1200 Malmesbiriae
806 1136 993 1217 delegavit,
1015 1129 1182 1217 4quorum
1199 1144 1336 1201 susten·

390 1235 507 1298 tacnlo
532 1234 645 1298 adhuc
664 1234 766 1298 credo
786 1235 905 1315 vigere
930 1229 1074 1311 ⁵locum,
1097 1241 1151 1298 tot
1167 1235 1338 1301 libertatis

390 1333 585 1414 naufragia,
610 1339 664 1397 tot
681 1333 968 1396 calumniatorum
989 1333 1148 1416 injurias,
1173 1353 1336 1416 passum3

390 1450 471 1496 nam
504 1439 540 1494 et
565 1431 692 1496 ibidem
720 1432 894 1495 Elwiuum
920 1439 955 1494 et
982 1432 1216 1496 Ethelwinum
1247 1433 1337 1498 filios

390 1532 507 1613 patrui
521 1531 576 1594 sui
591 1530 814 1607 Ethelwerdi,
826 1550 913 1612 quos
928 1523 984 1592 ⁶in
1000 1531 1092 1594 bello
1107 1537 1230 1595 contra
1241 1530 1338 1596 Ana-

390 1630 499 1693 lasum
534 1630 709 1705 amiserat,
740 1628 876 1692 humari
907 1629 1094 1693 honorifice
1125 1629 1246 1712 jussit,
1283 1633 1337 1695 sui

391 1748 530 1810 quoqne
561 1729 715 1809 corporis
745 1729 899 1809 requiem
929 1728 1056 1791 ibidem
1087 1720 1240 1792 futuram
1279 1731 1339 1794 de-

390 1827 571 1890 nuncians.
633 1827 689 1890 De
720 1845 789 1907 quo
816 1827 1067 1909 bellotempus
1090 1833 1145 1890 est
1172 1834 1213 1890 ut
1243 1827 1338 1892 illius

391 1925 551 2001 versifici,
577 1924 621 1987 de
646 1945 716 2006 quo
743 1926 860 1994 omnia
885 1925 959 1988 haec
984 1923 1232 2008 excerpsimus,
1259 1946 1338 1990 sen-

390 2025 534 2087 tentiam
550 2041 732 2105 ponamus

414 2177 423 2202 ‘
440 2168 643 2233 Transierat
656 2170 780 2252 quinos
795 2176 830 2233 et
845 2176 917 2234 tres
931 2177 967 2234 et
983 2179 1134 2251 quatuor
1148 2191 1257 2235 annos

443 2268 466 2331 J
469 2288 531 2331 ure
545 2289 668 2349 regens
685 2260 807 2346 ⁷cives,
822 2269 985 2350 subigens
999 2270 1128 2333 virtute
1143 2264 1338 2355 ⁸tyrannos,

444 2366 533 2430 Cum
549 2367 639 2430 redit
652 2367 714 2430 illa
727 2367 801 2430 lues
817 2367 967 2450 Europae
984 2369 1091 2431 noxia
1103 2369 1210 2432 labes.

439 2464 463 2528 J
467 2484 523 2527 am
539 2467 644 2528 cubat
659 2466 812 2528 interris
828 2465 901 2528 fera
915 2467 1091 2531 barbaries
1109 2469 1293 2549 aquilonis,

421 2637 423 2642 ¹
439 2563 463 2627 J
466 2565 630 2648 am'jacet
647 2565 684 2627 in
700 2583 835 2645 campo,
851 2565 977 2647 pelago
992 2566 1106 2647 pirata
1120 2567 1255 2645 relicto,

440 2662 588 2727 Illicitas
603 2670 791 2745 torvasque
805 2663 917 2727 minas
933 2662 1105 2728 Analafus
1119 2665 1296 2729 anhelans

441 2762 633 2826 Bacchanti
649 2763 761 2838 furiae,
777 2762 975 2826 Scottorum
992 2783 1073 2845 rege
1087 2763 1238 2842 volente,

440 2859 646 2925 Commodat
662 2879 841 2924 assensum
857 2862 1005 2925 borealis
1021 2869 1115 2925 terra
1130 2882 1310 2927 serenum:

440 2959 488 3022 Et
497 2960 572 3042 jam
584 2958 715 3040 grande
729 2967 875 3037 tument,
886 2960 961 3043 jam
973 2967 1104 3024 terrent
1114 2981 1196 3024 aera
1206 2963 1337 3043 verbis;

439 3056 577 3120 Cedunt
590 3057 775 3138 indigenae,
793 3058 884 3122 cedit
900 3060 1006 3141 plaga
1019 3067 1095 3123 tota
1107 3063 1275 3142 superbis

440 3154 532 3218 Nam
551 3156 634 3237 quia
644 3175 708 3218 rex
719 3163 838 3219 noster
848 3156 957 3220 fidens
970 3159 1163 3240 alacrisque
1171 3159 1329 3243 juventa,

439 3255 614 3318 Emeritus
632 3254 764 3336 pridem
778 3255 967 3320 detriverat
980 3259 1053 3321 otia
1068 3258 1174 3335 lenta,

440 3353 499 3417 Illi
514 3354 686 3417 continuis
701 3354 882 3436 foedabant
896 3357 1013 3418 omnia
1025 3357 1164 3437 praedis,
1263 3383 1265 3387 ·

439 3452 614 3533 Urgentes
629 3454 785 3530 miserae,
801 3454 938 3537 injectis
952 3455 1089 3536 ignibus
1105 3475 1229 3536 agros:

422 3679 850 3752 ¹Et.]A.S.G.D.L.;omitted
911 3681 1043 3746 Πύθωνι]
1072 3685 1108 3734 D.
1126 3686 1227 3746 E.M.;
1254 3688 1337 3735 loenm

386 3755 458 3803 ins.
876 3754 959 3814 rrum,
969 3752 1003 3802 A.
1015 3755 1044 3802 s.
1058 3754 1088 3803 c.
1101 3755 1132 3804 a.

421 3816 606 3889 ²Eteoeterr's.]
624 3821 705 3870 There
722 3835 803 3871 seems
823 3826 849 3870 to
910 3819 963 3870 ⁶la
987 3823 1047 3870 bello
1068 3828 1153 3872 conae
1174 3823 1337 3887 Asamum]

386 3894 418 3941 be
437 3891 578 3953 something
595 3892 654 3939 here
676 3891 801 3940 defective
823 3891 849 3938 in
874 3891 928 3940 The
962 3891 1041 3940 battle
1075 3893 1104 3942 ol
1141 3893 1338 3956 Brunanburglr,

385 3963 501 4010 tlretext.
537 3961 634 4009 Allthe
646 3961 721 4010 Mss.
732 3975 816 4022 agree.
875 3961 1015 4011 A.D.938.

422 4025 568 4098 wisara]
585 4031 620 4080 D.
627 4031 659 4079 E.
668 4031 725 4091 M.;
742 4030 849 4092 dotavit,
909 4024 1027 4097 ⁷Circa]
1048 4030 1159 4079 Glossed
1177 4030 1204 4077 in
1223 4031 1255 4080 E.
1276 4033 1337 4079 ‘vel

386 4100 421 4150 A.
433 4101 462 4149 S.
477 4102 506 4149 G.
518 4100 549 4148 L.
874 4098 990 4160 Anglos!

421 4166 574 4232 ⁴Quorum.]
592 4169 622 4218 S.
631 4168 666 4216 D.
674 4169 708 4216 E.
719 4167 768 4228 L.;
785 4183 848 4228 qua·
909 4167 1077 4230 warenna]
1112 4167 1223 4218 Glossed
1253 4169 1280 4218 in
1302 4171 1335 4217 E.

386 4252 451 4299 rum,
462 4237 496 4286 A.
510 4239 540 4285 C.
759 4250 762 4258 ’
873 4238 880 4264 ‘
893 4237 933 4284 vel
945 4236 1097 4284 Britannos!
