3162 4972
362 457 428 522 114
579 473 694 521 cresus
717 472 844 521 ancum
869 472 1083 524 suenorum,
1187 459 1273 542 [nra
1291 476 1316 523 1.

362 633 399 694 in
428 630 578 696 Francia
601 637 637 698 et
661 630 781 710 Italia,
808 636 844 695 et
867 632 912 696 ab
936 629 1022 712 ipsis
1048 628 1197 712 paganis
1217 630 1318 698 nobis

364 731 628 814 improperatur,
657 731 783 814 spretis
808 729 978 812 'legitimis
1006 730 1235 794 matrimoniis
1257 750 1319 812 per

366 831 537 895 adulteria
561 830 694 909 defluit,
718 832 896 896 nascitura
921 850 965 895 ex
988 830 1051 894 tali
1074 831 1319 894 commixtione

366 931 412 994 sit
427 949 513 1012 gens
536 929 665 1012 ignava
684 938 720 996 et
735 931 803 996 Dei
824 931 1068 1012 contemptrix,
1084 948 1162 1011 quae
1176 930 1319 1012 perditis

367 1031 518 1094 moribus
527 1031 676 1112 patriam
690 1031 895 1114 pessundet3
909 1031 1000 1094 sicut
1015 1030 1320 1110 Burgundionibus

369 1137 403 1194 et
421 1129 698 1198 Prouincialibus
721 1139 756 1196 et
772 1130 941 1213 Hispanis
964 1130 1123 1210 contigit,
1146 1149 1233 1213 quos
1256 1129 1319 1194 Sa·

368 1231 486 1294 raccni
512 1231 630 1296 multis
653 1230 753 1294 annis
779 1231 988 1294 infestarunt
1015 1236 1157 1313 propter
1178 1237 1321 1312 peccata

369 1329 556 1412 praeterita.
610 1330 787 1395 Praeterea
802 1330 1003 1394 nunciatum
1020 1337 1074 1394 est
1088 1330 1201 1407 nobis,
1216 1330 1320 1411 quod,

370 1430 481 1494 multa
513 1430 696 1512 privilegia
723 1431 944 1494 ecclesiarum
975 1436 1011 1493 et
1036 1430 1321 1493 monasteriorum

370 1529 543 1607 auferens,
567 1530 611 1594 ad
633 1530 699 1594 hoc
714 1530 908 1594 audendum
934 1529 1039 1593 duces
1063 1521 1142 1593 ¹tuo
1161 1530 1321 1610 exemplo

369 1648 545 1712 provoces.
597 1628 664 1694 Sed
681 1630 848 1712 recogita,
868 1647 999 1711 quaeso,
1014 1647 1119 1710 quam
1137 1629 1320 1693 terribilem

369 1727 558 1792 vindictam
571 1728 668 1792 Deus
687 1730 724 1793 in
745 1730 937 1793 anteriores
951 1747 1051 1810 reges
1070 1729 1226 1792 exercuit
1248 1728 1322 1811 ejus

371 1827 483 1910 culpae
520 1829 688 1906 conscios,
716 1847 821 1910 quam
854 1829 891 1892 in
919 1835 955 1892 te
988 1829 1175 1910 arguimus,
1229 1827 1322 1892 Nam

373 1925 578 1990 Chelredum
598 1921 917 2010 ²praedecessorem,
939 1935 1172 2010 stupratorem
1194 1928 1323 1992 sancti-

372 2026 584 2104 monialium,
597 2036 632 2090 et
647 2027 957 2091 ecclesiasticorum
968 2029 1226 2110 privilegiorum
1234 2027 1324 2091 frac-

373 2133 494 2203 torem,
520 2126 698 2208 splendide
723 2147 801 2191 cum
826 2127 899 2190 suis
922 2127 1104 2191 comitibus
1128 2128 1324 2210 epulantem

371 2225 514 2309 spiritus
530 2226 703 2309 malignus
716 2227 883 2308 arripuit3
904 2233 939 2289 et
954 2226 1028 2290 sine
1052 2226 1268 2291 consessione
1290 2235 1325 2292 et

372 2326 512 2402 viatico,
529 2345 607 2392 cum
624 2326 763 2392 diabolo
784 2326 1041 2404 sermocinanti,
1064 2334 1099 2391 et
1122 2327 1235 2408 legem
1258 2327 1325 2391 Dei

373 2425 572 2501 detestanti,
595 2427 743 2489 animam
767 2426 926 2490 extorsit.
990 2426 1160 2490 Osredum
1176 2446 1325 2510 quoque,

372 2545 490 2607 regem
513 2525 697 2590 Deirorum
722 2533 758 2592 et
780 2526 1029 2603 Berniciorum,
1044 2526 1230 2590 earundem
1253 2527 1325 2590 cul-

371 2644 496 2707 parum
504 2645 612 2702 reum,
626 2626 677 2690 ita
690 2625 860 2690 effraenem
873 2627 957 2707 egit,
964 2634 1005 2691 ut
1019 2646 1163 2707 regnum
1178 2635 1213 2690 et
1224 2626 1326 2709 juve·

374 2725 478 2788 nilem
489 2732 628 2790 aetatem
642 2725 892 2808 contemptibili
905 2732 1015 2790 morte
1030 2727 1212 2790 amitteret.
1236 2721 1325 2790 3Κει-Ι

374 2825 469 2888 rolus
489 2844 637 2908 quoque,
662 2825 822 2908 princeps
852 2826 1076 2903 Francorum,
1101 2827 1326 2891 monasterio-

374 2944 450 2987 rum
464 2925 650 2989 multorum
674 2944 824 3002 eversor,
841 2933 876 2988 et
890 2926 1199 2990 ecclesiasticarum
1223 2946 1326 3008 pecu-

375 3025 509 3088 niarum
530 3025 567 3088 in
589 3044 672 3088 usus
694 3026 852 3107 proprios
873 3033 1113 3104 commutator,
1127 3026 1234 3108 longa
1256 3034 1326 3090 tor·

377 3124 474 3188 sione
489 3131 525 3188 et
540 3125 690 3188 verenda
703 3132 814 3189 morte
826 3117 1070 3208 ⁴consumptus
1084 3133 1149 3190 est.

428 3223 518 3306 §SL
542 3230 551 3257 ‘
570 3223 804 3307 Quapropter,
831 3224 880 3288 fili
904 3226 1094 3303 carissime,
1117 3225 1271 3314 paternis
1294 3233 1328 3290 et

376 3322 535 3387 subnixis
562 3325 722 3406 precibus
747 3324 973 3407 deprecamur
999 3332 1131 3389 utnon
1157 3325 1327 3407 despicias

377 3423 559 3486 consilium
589 3431 727 3506 patrum
752 3431 903 3501 tuorum,
933 3423 992 3506 qui
1024 3444 1087 3507 pro
1118 3425 1186 3488 Dei
1213 3443 1329 3487 amore

377 3521 617 3586 celsitudinem
646 3531 743 3588 tuam
778 3522 953 3606 appellare
987 3531 1165 3605 satagunt.
1230 3523 1329 3587 Nihil

378 3621 469 3683 enim
480 3622 572 3685 bono
589 3623 663 3703 regi
680 3623 853 3687 salubrius
868 3643 972 3705 quam
987 3623 1016 3686 si
1030 3624 1116 3686 talia
1133 3623 1328 3699 commissa,

377 3738 457 3781 cum
483 3729 689 3800 arguuntur,
713 3722 861 3786 libenter
886 3724 1129 3802 emendentur3
1155 3725 1238 3807 quia
1268 3743 1329 3806 per

378 3816 597 3881 Salomonem
610 3819 748 3898 dicitur,
759 3827 781 3856 “
789 3815 874 3899 ⁵Qui
885 3823 1001 3904 diligit
1011 3822 1242 3905 disciplinam,
1254 3823 1332 3886 dili-

414 4046 422 4077 ¹
436 4047 507 4114 Tua]
528 4051 563 4102 D.
576 4051 609 4100 E.
621 4051 677 4112 M.;
692 4048 802 4114 tuos‚A.
812 4050 841 4102 S.
903 4047 1052 4113 ³Korolus.]
1069 4049 1176 4100 charles
1187 4050 1290 4099 Martel.

379 4121 409 4171 C.
422 4121 454 4171 L.
903 4117 1086 4183 ⁴Coasumptus
1110 4119 1168 4182 est]
1196 4121 1246 4180 E.;
1267 4121 1331 4169 aster

413 4187 424 4216 ²
435 4190 659 4252 Praedecessorm]
669 4191 698 4240 C.
710 4189 742 4239 D.
749 4191 781 4239 E.
789 4191 842 4251 M.;
868 4188 1112 4252 ‘est,'A.S.C.D.L.
1121 4191 1197 4239 read‘
1207 4191 1240 4238 Et
1249 4190 1332 4244 inira!

379 4260 589 4319 predecessorem
600 4265 683 4322 tuum,
693 4263 727 4309 A.
737 4260 766 4308 S.
778 4260 809 4311 L.
904 4257 914 4286 ⁶
928 4259 978 4316 Qut
988 4260 1098 4325 diligit]
1115 4261 1192 4310 Prov.
1205 4273 1254 4311 ΧΠ.
1266 4264 1291 4312 l.
