<?xml version="1.0" encoding="UTF-8"?>
<!DOCTYPE html PUBLIC "-//W3C//DTD XHTML 1.0 Transitional//EN"
    "http://www.w3.org/TR/xhtml1/DTD/xhtml1-transitional.dtd">
<html xmlns="http://www.w3.org/1999/xhtml" xml:lang="en" lang="en">
 <head>
  <title>
</title>
<meta http-equiv="Content-Type" content="text/html;charset=utf-8" />
  <meta name='ocr-system' content='tesseract 3.04.00' />
  <meta name='ocr-capabilities' content='ocr_page ocr_carea ocr_par ocr_line ocrx_word'/>
</head>
<body>
  <div class='ocr_page' id='page_1' title='image "./willelmimalmesb00willgoog_0028.png"; bbox 0 0 3106 4974; ppageno 0'>
   <div class='ocr_carea' id='block_1_1' title="bbox 457 491 1405 575">
    <p class='ocr_par' dir='ltr' id='par_1_1' title="bbox 457 491 1405 575">
     <span class='ocr_line' id='line_1_1' title="bbox 457 491 1405 575; baseline -0.004 -19"><span class='ocrx_word' id='word_1_1' title='bbox 457 491 501 556; x_wconf 82' lang='lat'>12</span> <span class='ocrx_word' id='word_1_2' title='bbox 682 508 796 556; x_wconf 74' lang='lat' dir='ltr'>cusan</span> <span class='ocrx_word' id='word_1_3' title='bbox 821 509 947 556; x_wconf 84' lang='lat' dir='ltr'>ancon</span> <span class='ocrx_word' id='word_1_4' title='bbox 972 507 1184 555; x_wconf 73' lang='lat' dir='ltr'>suenorum.</span> <span class='ocrx_word' id='word_1_5' title='bbox 1281 492 1365 575; x_wconf 80' lang='lat' dir='ltr'>[era.</span> <span class='ocrx_word' id='word_1_6' title='bbox 1383 509 1405 555; x_wconf 92' lang='lat'>1.</span> 
     </span>
    </p>
   </div>
   <div class='ocr_carea' id='block_1_2' title="bbox 290 635 1500 3430">
    <p class='ocr_par' dir='ltr' id='par_1_2' title="bbox 290 635 1500 3430">
     <span class='ocr_line' id='line_1_2' title="bbox 292 635 1406 748; baseline -0.004 -17"><span class='ocrx_word' id='word_1_7' title='bbox 292 691 390 742; x_wconf 59' lang='lat' dir='ltr'>ningat</span> <span class='ocrx_word' id='word_1_8' title='bbox 495 663 553 748; x_wconf 85' lang='lat'>§7.</span> <span class='ocrx_word' id='word_1_9' title='bbox 571 664 720 728; x_wconf 83' lang='lat' dir='ltr'>¹Interea</span> <span class='ocrx_word' id='word_1_10' title='bbox 735 655 942 746; x_wconf 82' lang='lat' dir='ltr'>Hengistus,</span> <span class='ocrx_word' id='word_1_11' title='bbox 957 684 1026 728; x_wconf 90' lang='lat' dir='ltr'>non</span> <span class='ocrx_word' id='word_1_12' title='bbox 1046 635 1159 727; x_wconf 83' lang='lat' dir='ltr'>minus</span> <span class='ocrx_word' id='word_1_13' title='bbox 1175 682 1254 726; x_wconf 89' lang='lat' dir='ltr'>acer</span> <span class='ocrx_word' id='word_1_14' title='bbox 1266 663 1406 744; x_wconf 89' lang='lat' dir='ltr'>ingenio</span> 
     </span>
     <span class='ocr_line' id='line_1_3' title="bbox 291 745 1406 848; baseline -0.001 -22"><span class='ocrx_word' id='word_1_15' title='bbox 291 745 356 832; x_wconf 58' lang='lat' dir='ltr'><strong>1⁸33ss</strong></span> <span class='ocrx_word' id='word_1_16' title='bbox 364 746 434 836; x_wconf 53' lang='lat' dir='ltr'>02⁰5.ss</span> <span class='ocrx_word' id='word_1_17' title='bbox 456 782 560 844; x_wconf 91' lang='lat' dir='ltr'>quam</span> <span class='ocrx_word' id='word_1_18' title='bbox 575 765 691 829; x_wconf 78' lang='lat' dir='ltr'><strong>alacer</strong></span> <span class='ocrx_word' id='word_1_19' title='bbox 713 766 749 827; x_wconf 92' lang='lat' dir='ltr'>in</span> <span class='ocrx_word' id='word_1_20' title='bbox 772 765 903 847; x_wconf 88' lang='lat' dir='ltr'>praelio,</span> <span class='ocrx_word' id='word_1_21' title='bbox 922 765 1056 846; x_wconf 86' lang='lat' dir='ltr'>aliquos</span> <span class='ocrx_word' id='word_1_22' title='bbox 1081 784 1126 826; x_wconf 85' lang='lat' dir='ltr'>ex</span> <span class='ocrx_word' id='word_1_23' title='bbox 1147 764 1220 825; x_wconf 88' lang='lat' dir='ltr'>suis</span> <span class='ocrx_word' id='word_1_24' title='bbox 1234 761 1322 848; x_wconf 92' lang='lat' dir='ltr'>(non</span> <span class='ocrx_word' id='word_1_25' title='bbox 1344 764 1406 825; x_wconf 86' lang='lat' dir='ltr'>ab·</span> 
     </span>
     <span class='ocr_line' id='line_1_4' title="bbox 291 847 1406 948; baseline -0.001 -23"><span class='ocrx_word' id='word_1_26' title='bbox 291 847 441 895; x_wconf 56' lang='lat' dir='ltr'>mm·</span> <span class='ocrx_word' id='word_1_27' title='bbox 457 871 583 927; x_wconf 90' lang='lat' dir='ltr'>nuente</span> <span class='ocrx_word' id='word_1_28' title='bbox 598 861 697 948; x_wconf 89' lang='lat' dir='ltr'>rege)</span> <span class='ocrx_word' id='word_1_29' title='bbox 712 865 860 948; x_wconf 89' lang='lat' dir='ltr'>patriam</span> <span class='ocrx_word' id='word_1_30' title='bbox 883 864 1038 941; x_wconf 81' lang='lat' dir='ltr'><strong>remittit,</strong></span> <span class='ocrx_word' id='word_1_31' title='bbox 1054 864 1114 945; x_wconf 94' lang='lat' dir='ltr'>qui</span> <span class='ocrx_word' id='word_1_32' title='bbox 1129 863 1220 943; x_wconf 89' lang='lat' dir='ltr'>regis</span> <span class='ocrx_word' id='word_1_33' title='bbox 1235 869 1272 925; x_wconf 90' lang='lat' dir='ltr'>et</span> <span class='ocrx_word' id='word_1_34' title='bbox 1285 862 1406 944; x_wconf 92' lang='lat' dir='ltr'>populi</span> 
     </span>
     <span class='ocr_line' id='line_1_5' title="bbox 454 961 1406 1047; baseline -0.003 -21"><span class='ocrx_word' id='word_1_35' title='bbox 454 962 626 1040; x_wconf 87' lang='lat' dir='ltr'>inertiam,</span> <span class='ocrx_word' id='word_1_36' title='bbox 660 965 783 1026; x_wconf 84' lang='lat' dir='ltr'>insulae</span> <span class='ocrx_word' id='word_1_37' title='bbox 821 963 1033 1047; x_wconf 86' lang='lat' dir='ltr'>opulentiam</span> <span class='ocrx_word' id='word_1_38' title='bbox 1063 969 1253 1044; x_wconf 86' lang='lat' dir='ltr'>exponant,</span> <span class='ocrx_word' id='word_1_39' title='bbox 1289 961 1406 1042; x_wconf 90' lang='lat' dir='ltr'>ampla</span> 
     </span>
     <span class='ocr_line' id='line_1_6' title="bbox 290 1061 1405 1146; baseline -0.004 -18"><span class='ocrx_word' id='word_1_40' title='bbox 290 1087 442 1128; x_wconf 69' lang='lat' dir='ltr'>meamne</span> <span class='ocrx_word' id='word_1_41' title='bbox 454 1062 571 1126; x_wconf 90' lang='lat' dir='ltr'>venire</span> <span class='ocrx_word' id='word_1_42' title='bbox 586 1064 780 1127; x_wconf 88' lang='lat' dir='ltr'>volentibus</span> <span class='ocrx_word' id='word_1_43' title='bbox 799 1064 942 1144; x_wconf 89' lang='lat' dir='ltr'>praemia</span> <span class='ocrx_word' id='word_1_44' title='bbox 963 1069 1170 1146; x_wconf 83' lang='lat' dir='ltr'>proponant.</span> <span class='ocrx_word' id='word_1_45' title='bbox 1223 1061 1281 1124; x_wconf 94' lang='lat' dir='ltr'>Illi</span> <span class='ocrx_word' id='word_1_46' title='bbox 1306 1079 1405 1124; x_wconf 89' lang='lat' dir='ltr'>man-</span> 
     </span>
     <span class='ocr_line' id='line_1_7' title="bbox 292 1139 1405 1245; baseline -0.004 -18"><span class='ocrx_word' id='word_1_47' title='bbox 292 1139 404 1238; x_wconf 63' lang='lat' dir='ltr'>libili</span> <span class='ocrx_word' id='word_1_48' title='bbox 412 1189 436 1229; x_wconf 78' lang='lat' dir='ltr'>or</span> <span class='ocrx_word' id='word_1_49' title='bbox 454 1155 720 1244; x_wconf 88' lang='lat' dir='ltr'>data¹gnaviter</span> <span class='ocrx_word' id='word_1_50' title='bbox 728 1173 958 1245; x_wconf 88' lang='lat' dir='ltr'>exequuntur,</span> <span class='ocrx_word' id='word_1_51' title='bbox 966 1161 1131 1243; x_wconf 92' lang='lat' dir='ltr'>brevique</span> <span class='ocrx_word' id='word_1_52' title='bbox 1140 1180 1218 1224; x_wconf 93' lang='lat' dir='ltr'>cum</span> <span class='ocrx_word' id='word_1_53' title='bbox 1229 1159 1405 1224; x_wconf 85' lang='lat' dir='ltr'><strong>sexdecim</strong></span> 
     </span>
     <span class='ocr_line' id='line_1_8' title="bbox 291 1238 1498 1341; baseline -0.001 -18"><span class='ocrx_word' id='word_1_54' title='bbox 291 1238 396 1288; x_wconf 40' lang='grc' dir='ltr'>ΜΒΝ·</span> <span class='ocrx_word' id='word_1_55' title='bbox 454 1261 600 1325; x_wconf 88' lang='lat' dir='ltr'>navibus</span> <span class='ocrx_word' id='word_1_56' title='bbox 615 1270 846 1341; x_wconf 88' lang='lat' dir='ltr'>revertuntur,</span> <span class='ocrx_word' id='word_1_57' title='bbox 869 1255 1210 1326; x_wconf 78' lang='lat' dir='ltr'>adducentes²filiam</span> <span class='ocrx_word' id='word_1_58' title='bbox 1226 1260 1405 1341; x_wconf 88' lang='lat' dir='ltr'>Hengisti‚</span> <span class='ocrx_word' id='word_1_59' title='bbox 1497 1259 1498 1298; x_wconf 72' lang='lat'>³</span> 
     </span>
     <span class='ocr_line' id='line_1_9' title="bbox 453 1360 1404 1444; baseline -0.002 -20"><span class='ocrx_word' id='word_1_60' title='bbox 453 1361 633 1442; x_wconf 87' lang='lat' dir='ltr'>virginem,</span> <span class='ocrx_word' id='word_1_61' title='bbox 653 1369 692 1425; x_wconf 93' lang='lat' dir='ltr'>ut</span> <span class='ocrx_word' id='word_1_62' title='bbox 714 1363 920 1444; x_wconf 86' lang='lat' dir='ltr'>accepimus,</span> <span class='ocrx_word' id='word_1_63' title='bbox 934 1381 1012 1444; x_wconf 87' lang='lat' dir='ltr'>quae</span> <span class='ocrx_word' id='word_1_64' title='bbox 1029 1368 1121 1425; x_wconf 88' lang='lat' dir='ltr'>esset</span> <span class='ocrx_word' id='word_1_65' title='bbox 1136 1367 1171 1423; x_wconf 91' lang='lat' dir='ltr'>et</span> <span class='ocrx_word' id='word_1_66' title='bbox 1186 1367 1319 1423; x_wconf 85' lang='lat' dir='ltr'>naturae</span> <span class='ocrx_word' id='word_1_67' title='bbox 1339 1360 1404 1422; x_wconf 92' lang='lat' dir='ltr'>mi·</span> 
     </span>
     <span class='ocr_line' id='line_1_10' title="bbox 453 1459 1405 1542; baseline 0.002 -22"><span class='ocrx_word' id='word_1_68' title='bbox 453 1460 606 1523; x_wconf 86' lang='lat' dir='ltr'>raculum</span> <span class='ocrx_word' id='word_1_69' title='bbox 617 1468 652 1524; x_wconf 90' lang='lat' dir='ltr'>et</span> <span class='ocrx_word' id='word_1_70' title='bbox 660 1461 811 1524; x_wconf 89' lang='lat' dir='ltr'>virorum</span> <span class='ocrx_word' id='word_1_71' title='bbox 827 1461 1073 1542; x_wconf 76' lang='lat' dir='ltr'>spectaculum.</span> <span class='ocrx_word' id='word_1_72' title='bbox 1107 1459 1405 1541; x_wconf 88' lang='lat' dir='ltr'>Regressisador·</span> 
     </span>
     <span class='ocr_line' id='line_1_11' title="bbox 453 1558 1403 1644; baseline 0.002 -25"><span class='ocrx_word' id='word_1_73' title='bbox 453 1565 556 1622; x_wconf 91' lang='lat' dir='ltr'>natur</span> <span class='ocrx_word' id='word_1_74' title='bbox 578 1561 796 1624; x_wconf 89' lang='lat' dir='ltr'>convivium:</span> <span class='ocrx_word' id='word_1_75' title='bbox 816 1560 917 1644; x_wconf 89' lang='lat' dir='ltr'>jubet</span> <span class='ocrx_word' id='word_1_76' title='bbox 942 1560 1137 1641; x_wconf 89' lang='lat' dir='ltr'>Hengistus</span> <span class='ocrx_word' id='word_1_77' title='bbox 1168 1560 1273 1623; x_wconf 87' lang='lat' dir='ltr'>filiam</span> <span class='ocrx_word' id='word_1_78' title='bbox 1302 1558 1403 1640; x_wconf 85' lang='lat' dir='ltr'>fungi</span> 
     </span>
     <span class='ocr_line' id='line_1_12' title="bbox 452 1657 1404 1741; baseline 0.001 -22"><span class='ocrx_word' id='word_1_79' title='bbox 452 1657 626 1738; x_wconf 82' lang='lat' dir='ltr'>pincernae</span> <span class='ocrx_word' id='word_1_80' title='bbox 650 1679 802 1736; x_wconf 92' lang='lat' dir='ltr'>munere,</span> <span class='ocrx_word' id='word_1_81' title='bbox 832 1667 872 1723; x_wconf 90' lang='lat' dir='ltr'>ut</span> <span class='ocrx_word' id='word_1_82' title='bbox 902 1661 993 1741; x_wconf 88' lang='lat' dir='ltr'>regis</span> <span class='ocrx_word' id='word_1_83' title='bbox 1021 1659 1253 1724; x_wconf 89' lang='lat' dir='ltr'>accumbentis</span> <span class='ocrx_word' id='word_1_84' title='bbox 1283 1659 1404 1722; x_wconf 90' lang='lat' dir='ltr'>oculos</span> 
     </span>
     <span class='ocr_line' id='line_1_13' title="bbox 453 1756 1404 1844; baseline 0.002 -25"><span class='ocrx_word' id='word_1_85' title='bbox 453 1764 622 1839; x_wconf 90' lang='lat' dir='ltr'>pasceret.</span> <span class='ocrx_word' id='word_1_86' title='bbox 674 1757 751 1822; x_wconf 91' lang='lat' dir='ltr'>Nec</span> <span class='ocrx_word' id='word_1_87' title='bbox 779 1759 815 1821; x_wconf 93' lang='lat' dir='ltr'>id</span> <span class='ocrx_word' id='word_1_88' title='bbox 843 1759 973 1822; x_wconf 85' lang='lat' dir='ltr'>frustra</span> <span class='ocrx_word' id='word_1_89' title='bbox 1001 1759 1078 1822; x_wconf 89' lang='lat' dir='ltr'>suit.</span> <span class='ocrx_word' id='word_1_90' title='bbox 1131 1756 1222 1821; x_wconf 87' lang='lat' dir='ltr'>Nam</span> <span class='ocrx_word' id='word_1_91' title='bbox 1251 1757 1311 1825; x_wconf 93' lang='lat' dir='ltr'>ille</span> <span class='ocrx_word' id='word_1_92' title='bbox 1346 1757 1404 1844; x_wconf 94' lang='lat' dir='ltr'>(ut</span> 
     </span>
     <span class='ocr_line' id='line_1_14' title="bbox 453 1853 1403 1941; baseline 0.002 -23"><span class='ocrx_word' id='word_1_93' title='bbox 453 1874 588 1938; x_wconf 87' lang='lat' dir='ltr'>semper</span> <span class='ocrx_word' id='word_1_94' title='bbox 600 1857 637 1919; x_wconf 93' lang='lat' dir='ltr'>in</span> <span class='ocrx_word' id='word_1_95' title='bbox 652 1856 869 1922; x_wconf 83' lang='lat' dir='ltr'>foeminarum</span> <span class='ocrx_word' id='word_1_96' title='bbox 895 1859 1052 1922; x_wconf 88' lang='lat' dir='ltr'>decorem</span> <span class='ocrx_word' id='word_1_97' title='bbox 1074 1853 1313 1941; x_wconf 89' lang='lat' dir='ltr'>adhinniebat)</span> <span class='ocrx_word' id='word_1_98' title='bbox 1330 1865 1403 1920; x_wconf 87' lang='lat' dir='ltr'>sta-</span> 
     </span>
     <span class='ocr_line' id='line_1_15' title="bbox 453 1955 1402 2038; baseline 0.001 -21"><span class='ocrx_word' id='word_1_99' title='bbox 453 1955 515 2018; x_wconf 91' lang='lat' dir='ltr'>tim</span> <span class='ocrx_word' id='word_1_100' title='bbox 539 1964 575 2020; x_wconf 91' lang='lat' dir='ltr'>et</span> <span class='ocrx_word' id='word_1_101' title='bbox 597 1956 716 2020; x_wconf 84' lang='lat' dir='ltr'>formae</span> <span class='ocrx_word' id='word_1_102' title='bbox 739 1959 853 2038; x_wconf 90' lang='lat' dir='ltr'>gratia</span> <span class='ocrx_word' id='word_1_103' title='bbox 874 1965 910 2020; x_wconf 91' lang='lat' dir='ltr'>et</span> <span class='ocrx_word' id='word_1_104' title='bbox 932 1964 1091 2038; x_wconf 87' lang='lat' dir='ltr'>gestuum</span> <span class='ocrx_word' id='word_1_105' title='bbox 1117 1956 1291 2038; x_wconf 82' lang='lat' dir='ltr'>elegantia</span> <span class='ocrx_word' id='word_1_106' title='bbox 1319 1975 1402 2020; x_wconf 89' lang='lat' dir='ltr'>sau-</span> 
     </span>
     <span class='ocr_line' id='line_1_16' title="bbox 453 2053 1402 2138; baseline 0.004 -21"><span class='ocrx_word' id='word_1_107' title='bbox 453 2053 565 2118; x_wconf 88' lang='lat' dir='ltr'>ciatus</span> <span class='ocrx_word' id='word_1_108' title='bbox 587 2056 750 2133; x_wconf 88' lang='lat' dir='ltr'>animum,</span> <span class='ocrx_word' id='word_1_109' title='bbox 763 2056 917 2138; x_wconf 88' lang='lat' dir='ltr'>potiendi</span> <span class='ocrx_word' id='word_1_110' title='bbox 932 2056 1047 2138; x_wconf 90' lang='lat' dir='ltr'>puella</span> <span class='ocrx_word' id='word_1_111' title='bbox 1058 2075 1155 2137; x_wconf 90' lang='lat' dir='ltr'>spem</span> <span class='ocrx_word' id='word_1_112' title='bbox 1177 2056 1322 2132; x_wconf 89' lang='lat' dir='ltr'>imbibit,</span> <span class='ocrx_word' id='word_1_113' title='bbox 1341 2076 1402 2121; x_wconf 89' lang='lat' dir='ltr'>nec</span> 
     </span>
     <span class='ocr_line' id='line_1_17' title="bbox 453 2153 1401 2238; baseline 0.003 -23"><span class='ocrx_word' id='word_1_114' title='bbox 453 2153 587 2218; x_wconf 85' lang='lat' dir='ltr'>distulit</span> <span class='ocrx_word' id='word_1_115' title='bbox 620 2156 704 2237; x_wconf 88' lang='lat' dir='ltr'>quin</span> <span class='ocrx_word' id='word_1_116' title='bbox 734 2156 874 2238; x_wconf 89' lang='lat' dir='ltr'>nuptias</span> <span class='ocrx_word' id='word_1_117' title='bbox 903 2162 1035 2237; x_wconf 90' lang='lat' dir='ltr'>peteret</span> <span class='ocrx_word' id='word_1_118' title='bbox 1066 2162 1199 2237; x_wconf 88' lang='lat' dir='ltr'>patrem</span> <span class='ocrx_word' id='word_1_119' title='bbox 1228 2155 1401 2220; x_wconf 89' lang='lat' dir='ltr'>volentem</span> 
     </span>
     <span class='ocr_line' id='line_1_18' title="bbox 452 2254 1401 2337; baseline 0.002 -21"><span class='ocrx_word' id='word_1_120' title='bbox 452 2272 597 2334; x_wconf 87' lang='lat' dir='ltr'>cogens:</span> <span class='ocrx_word' id='word_1_121' title='bbox 636 2255 710 2337; x_wconf 88' lang='lat' dir='ltr'>ipse</span> <span class='ocrx_word' id='word_1_122' title='bbox 736 2256 826 2318; x_wconf 91' lang='lat' dir='ltr'>enim</span> <span class='ocrx_word' id='word_1_123' title='bbox 850 2262 928 2318; x_wconf 92' lang='lat' dir='ltr'>astu</span> <span class='ocrx_word' id='word_1_124' title='bbox 954 2256 1064 2336; x_wconf 91' lang='lat' dir='ltr'>primo</span> <span class='ocrx_word' id='word_1_125' title='bbox 1088 2274 1216 2335; x_wconf 91' lang='lat' dir='ltr'>negare</span> <span class='ocrx_word' id='word_1_126' title='bbox 1238 2261 1309 2318; x_wconf 86' lang='lat' dir='ltr'>tam</span> <span class='ocrx_word' id='word_1_127' title='bbox 1338 2254 1401 2318; x_wconf 91' lang='lat' dir='ltr'>bu·</span> 
     </span>
     <span class='ocr_line' id='line_1_19' title="bbox 291 2353 1401 2436; baseline 0.003 -21"><span class='ocrx_word' id='word_1_128' title='bbox 291 2377 337 2416; x_wconf 67' lang='lat' dir='ltr'>ue</span> <span class='ocrx_word' id='word_1_129' title='bbox 354 2377 429 2416; x_wconf 67' lang='lat' dir='ltr'>mnn-</span> <span class='ocrx_word' id='word_1_130' title='bbox 453 2353 551 2416; x_wconf 91' lang='lat' dir='ltr'>miles</span> <span class='ocrx_word' id='word_1_131' title='bbox 564 2355 703 2436; x_wconf 89' lang='lat' dir='ltr'>nuptias</span> <span class='ocrx_word' id='word_1_132' title='bbox 720 2375 801 2436; x_wconf 90' lang='lat' dir='ltr'>rege</span> <span class='ocrx_word' id='word_1_133' title='bbox 816 2355 978 2435; x_wconf 86' lang='lat' dir='ltr'>indignas</span> <span class='ocrx_word' id='word_1_134' title='bbox 989 2354 1152 2435; x_wconf 87' lang='lat' dir='ltr'>allegans.</span> <span class='ocrx_word' id='word_1_135' title='bbox 1206 2354 1401 2432; x_wconf 91' lang='lat' dir='ltr'>Postremo,</span> 
     </span>
     <span class='ocr_line' id='line_1_20' title="bbox 292 2427 1401 2534; baseline 0.002 -19"><span class='ocrx_word' id='word_1_136' title='bbox 292 2427 435 2527; x_wconf 53' lang='lat' dir='ltr'>dimidiu..</span> <span class='ocrx_word' id='word_1_137' title='bbox 453 2453 553 2533; x_wconf 86' lang='lat' dir='ltr'>quasi</span> <span class='ocrx_word' id='word_1_138' title='bbox 567 2461 745 2534; x_wconf 89' lang='lat' dir='ltr'>gravatus,</span> <span class='ocrx_word' id='word_1_139' title='bbox 758 2455 795 2516; x_wconf 94' lang='lat' dir='ltr'>in</span> <span class='ocrx_word' id='word_1_140' title='bbox 808 2455 1014 2528; x_wconf 87' lang='lat' dir='ltr'>sententiam</span> <span class='ocrx_word' id='word_1_141' title='bbox 1029 2453 1177 2531; x_wconf 92' lang='lat' dir='ltr'>transiit,</span> <span class='ocrx_word' id='word_1_142' title='bbox 1187 2460 1296 2517; x_wconf 91' lang='lat' dir='ltr'>totam</span> <span class='ocrx_word' id='word_1_143' title='bbox 1307 2453 1401 2517; x_wconf 89' lang='lat' dir='ltr'>Cau-</span> 
     </span>
     <span class='ocr_line' id='line_1_21' title="bbox 453 2552 1400 2636; baseline 0.002 -22"><span class='ocrx_word' id='word_1_144' title='bbox 453 2552 537 2614; x_wconf 89' lang='lat' dir='ltr'>tiam</span> <span class='ocrx_word' id='word_1_145' title='bbox 552 2572 615 2634; x_wconf 91' lang='lat' dir='ltr'>pro</span> <span class='ocrx_word' id='word_1_146' title='bbox 630 2573 769 2616; x_wconf 91' lang='lat' dir='ltr'>munere</span> <span class='ocrx_word' id='word_1_147' title='bbox 792 2553 975 2635; x_wconf 90' lang='lat' dir='ltr'>accipiens,</span> <span class='ocrx_word' id='word_1_148' title='bbox 993 2553 1051 2616; x_wconf 92' lang='lat' dir='ltr'>ubi</span> <span class='ocrx_word' id='word_1_149' title='bbox 1058 2553 1262 2636; x_wconf 92' lang='lat' dir='ltr'>jamdudum</span> <span class='ocrx_word' id='word_1_150' title='bbox 1288 2554 1400 2616; x_wconf 88' lang='lat' dir='ltr'>omnis</span> 
     </span>
     <span class='ocr_line' id='line_1_22' title="bbox 447 2647 1400 2735; baseline 0.003 -23"><span class='ocrx_word' id='word_1_151' title='bbox 447 2649 587 2733; x_wconf 90' lang='lat' dir='ltr'>justitia</span> <span class='ocrx_word' id='word_1_152' title='bbox 620 2654 684 2714; x_wconf 90' lang='lat' dir='ltr'>sub</span> <span class='ocrx_word' id='word_1_153' title='bbox 705 2651 884 2735; x_wconf 88' lang='lat' dir='ltr'>cujusdam</span> <span class='ocrx_word' id='word_1_154' title='bbox 914 2647 1077 2733; x_wconf 85' lang='lat' dir='ltr'>³gorongi</span> <span class='ocrx_word' id='word_1_155' title='bbox 1102 2652 1283 2716; x_wconf 89' lang='lat' dir='ltr'>laborabat</span> <span class='ocrx_word' id='word_1_156' title='bbox 1310 2654 1400 2734; x_wconf 90' lang='lat' dir='ltr'>regi·</span> 
     </span>
     <span class='ocr_line' id='line_1_23' title="bbox 452 2750 1402 2832; baseline 0.003 -20"><span class='ocrx_word' id='word_1_157' title='bbox 452 2750 555 2827; x_wconf 91' lang='lat' dir='ltr'>mine,</span> <span class='ocrx_word' id='word_1_158' title='bbox 571 2751 631 2832; x_wconf 91' lang='lat' dir='ltr'>qui</span> <span class='ocrx_word' id='word_1_159' title='bbox 644 2759 759 2816; x_wconf 88' lang='lat' dir='ltr'>tamen</span> <span class='ocrx_word' id='word_1_160' title='bbox 774 2752 864 2815; x_wconf 89' lang='lat' dir='ltr'>sicut</span> <span class='ocrx_word' id='word_1_161' title='bbox 877 2770 994 2816; x_wconf 89' lang='lat' dir='ltr'>omnes</span> <span class='ocrx_word' id='word_1_162' title='bbox 1009 2751 1119 2831; x_wconf 90' lang='lat' dir='ltr'>reguli</span> <span class='ocrx_word' id='word_1_163' title='bbox 1129 2752 1252 2816; x_wconf 86' lang='lat' dir='ltr'>insulae</span> <span class='ocrx_word' id='word_1_164' title='bbox 1267 2751 1402 2816; x_wconf 89' lang='lat' dir='ltr'>Worti·</span> 
     </span>
     <span class='ocr_line' id='line_1_24' title="bbox 453 2849 1401 2929; baseline 0.003 -18"><span class='ocrx_word' id='word_1_165' title='bbox 453 2849 550 2929; x_wconf 88' lang='lat' dir='ltr'>gerni</span> <span class='ocrx_word' id='word_1_166' title='bbox 564 2852 871 2914; x_wconf 88' lang='lat' dir='ltr'>substernebantur</span> <span class='ocrx_word' id='word_1_167' title='bbox 884 2849 1111 2915; x_wconf 68' lang='lat' dir='ltr'>monarchiae:</span> <span class='ocrx_word' id='word_1_168' title='bbox 1136 2871 1198 2914; x_wconf 91' lang='lat' dir='ltr'>nec</span> <span class='ocrx_word' id='word_1_169' title='bbox 1217 2857 1401 2915; x_wconf 88' lang='lat' dir='ltr'>contentus</span> 
     </span>
     <span class='ocr_line' id='line_1_25' title="bbox 453 2947 1400 3030; baseline 0.004 -21"><span class='ocrx_word' id='word_1_170' title='bbox 453 2947 519 3010; x_wconf 87' lang='lat' dir='ltr'>hac</span> <span class='ocrx_word' id='word_1_171' title='bbox 543 2947 748 3012; x_wconf 88' lang='lat' dir='ltr'>liberalitate</span> <span class='ocrx_word' id='word_1_172' title='bbox 770 2951 949 3027; x_wconf 74' lang='lat' dir='ltr'>barbaruS,</span> <span class='ocrx_word' id='word_1_173' title='bbox 971 2950 1031 3013; x_wconf 93' lang='lat' dir='ltr'>sed</span> <span class='ocrx_word' id='word_1_174' title='bbox 1055 2952 1201 3013; x_wconf 89' lang='lat' dir='ltr'>abutens</span> <span class='ocrx_word' id='word_1_175' title='bbox 1223 2951 1315 3030; x_wconf 86' lang='lat' dir='ltr'>regis</span> <span class='ocrx_word' id='word_1_176' title='bbox 1338 2952 1400 3013; x_wconf 90' lang='lat' dir='ltr'>im·</span> 
     </span>
     <span class='ocr_line' id='line_1_26' title="bbox 453 3043 1401 3130; baseline 0.005 -22"><span class='ocrx_word' id='word_1_177' title='bbox 453 3046 649 3128; x_wconf 89' lang='lat' dir='ltr'>prudentia,</span> <span class='ocrx_word' id='word_1_178' title='bbox 668 3049 853 3130; x_wconf 91' lang='lat' dir='ltr'>persuadet</span> <span class='ocrx_word' id='word_1_179' title='bbox 874 3051 925 3112; x_wconf 92' lang='lat' dir='ltr'>uti</span> <span class='ocrx_word' id='word_1_180' title='bbox 940 3069 961 3112; x_wconf 89' lang='lat' dir='ltr'>a</span> <span class='ocrx_word' id='word_1_181' title='bbox 980 3048 1168 3114; x_wconf 88' lang='lat' dir='ltr'>Germania</span> <span class='ocrx_word' id='word_1_182' title='bbox 1182 3043 1344 3113; x_wconf 76' lang='lat' dir='ltr'>4fratrem</span> <span class='ocrx_word' id='word_1_183' title='bbox 1366 3057 1401 3113; x_wconf 91' lang='lat' dir='ltr'>et</span> 
     </span>
     <span class='ocr_line' id='line_1_27' title="bbox 453 3145 1400 3230; baseline 0.005 -23"><span class='ocrx_word' id='word_1_184' title='bbox 453 3145 561 3210; x_wconf 90' lang='lat' dir='ltr'>lilium</span> <span class='ocrx_word' id='word_1_185' title='bbox 581 3147 719 3211; x_wconf 90' lang='lat' dir='ltr'>virtutis</span> <span class='ocrx_word' id='word_1_186' title='bbox 741 3149 834 3212; x_wconf 89' lang='lat' dir='ltr'>viros</span> <span class='ocrx_word' id='word_1_187' title='bbox 856 3155 989 3226; x_wconf 88' lang='lat' dir='ltr'>evocet,</span> <span class='ocrx_word' id='word_1_188' title='bbox 1009 3167 1114 3212; x_wconf 89' lang='lat' dir='ltr'>scena</span> <span class='ocrx_word' id='word_1_189' title='bbox 1134 3149 1338 3230; x_wconf 89' lang='lat' dir='ltr'>composita,</span> <span class='ocrx_word' id='word_1_190' title='bbox 1361 3155 1400 3212; x_wconf 90' lang='lat' dir='ltr'>ut</span> 
     </span>
     <span class='ocr_line' id='line_1_28' title="bbox 453 3245 1399 3330; baseline 0.001 -22"><span class='ocrx_word' id='word_1_191' title='bbox 453 3246 535 3327; x_wconf 91' lang='lat' dir='ltr'>quia</span> <span class='ocrx_word' id='word_1_192' title='bbox 556 3245 630 3327; x_wconf 90' lang='lat' dir='ltr'>ipse</span> <span class='ocrx_word' id='word_1_193' title='bbox 647 3247 846 3311; x_wconf 80' lang='lat' dir='ltr'>oboriente</span> <span class='ocrx_word' id='word_1_194' title='bbox 868 3248 1078 3330; x_wconf 89' lang='lat' dir='ltr'>provinciam</span> <span class='ocrx_word' id='word_1_195' title='bbox 1099 3248 1334 3324; x_wconf 85' lang='lat' dir='ltr'>defensitaret,</span> <span class='ocrx_word' id='word_1_196' title='bbox 1349 3248 1399 3310; x_wconf 93' lang='lat' dir='ltr'>illi</span> 
     </span>
     <span class='ocr_line' id='line_1_29' title="bbox 454 3346 1500 3430; baseline 0.003 -24"><span class='ocrx_word' id='word_1_197' title='bbox 454 3363 591 3427; x_wconf 90' lang='lat' dir='ltr'>quoque</span> <span class='ocrx_word' id='word_1_198' title='bbox 612 3346 656 3409; x_wconf 91' lang='lat' dir='ltr'>ab</span> <span class='ocrx_word' id='word_1_199' title='bbox 673 3347 834 3429; x_wconf 90' lang='lat' dir='ltr'>aquilone</span> <span class='ocrx_word' id='word_1_200' title='bbox 855 3346 993 3411; x_wconf 88' lang='lat' dir='ltr'>Scottos</span> <span class='ocrx_word' id='word_1_201' title='bbox 1015 3347 1222 3411; x_wconf 85' lang='lat' dir='ltr'>fraenarent:</span> <span class='ocrx_word' id='word_1_202' title='bbox 1246 3348 1297 3410; x_wconf 89' lang='lat' dir='ltr'>ita</span> <span class='ocrx_word' id='word_1_203' title='bbox 1319 3367 1399 3428; x_wconf 88' lang='lat' dir='ltr'>rege</span> <span class='ocrx_word' id='word_1_204' title='bbox 1499 3395 1500 3430; x_wconf 61' lang='lat'>,</span> 
     </span>
    </p>
   </div>
   <div class='ocr_carea' id='block_1_3' title="bbox 453 3442 1500 3532">
    <p class='ocr_par' dir='ltr' id='par_1_3' title="bbox 453 3442 1500 3532">
     <span class='ocr_line' id='line_1_30' title="bbox 453 3442 1500 3532; baseline 0.002 -26"><span class='ocrx_word' id='word_1_205' title='bbox 453 3443 657 3508; x_wconf 88' lang='lat' dir='ltr'>connivente</span> <span class='ocrx_word' id='word_1_206' title='bbox 684 3445 751 3527; x_wconf 91' lang='lat' dir='ltr'>ipsi</span> <span class='ocrx_word' id='word_1_207' title='bbox 771 3445 1084 3532; x_wconf 85' lang='lat' dir='ltr'>(circumnavigata</span> <span class='ocrx_word' id='word_1_208' title='bbox 1106 3442 1307 3530; x_wconf 87' lang='lat' dir='ltr'>Britannia)</span> <span class='ocrx_word' id='word_1_209' title='bbox 1334 3445 1400 3508; x_wconf 92' lang='lat' dir='ltr'>Or·</span> <span class='ocrx_word' id='word_1_210' title='bbox 1499 3451 1500 3456; x_wconf 77' lang='grc'>’</span> 
     </span>
    </p>
   </div>
   <div class='ocr_carea' id='block_1_4' title="bbox 350 3664 1500 4423">
    <p class='ocr_par' dir='ltr' id='par_1_4' title="bbox 350 3664 1500 4423">
     <span class='ocr_line' id='line_1_31' title="bbox 350 3664 1398 3731; baseline 0.002 -15"><span class='ocrx_word' id='word_1_211' title='bbox 350 3705 351 3710; x_wconf 52' lang='grc'>,</span> <span class='ocrx_word' id='word_1_212' title='bbox 487 3664 496 3697; x_wconf 89' lang='lat'><strong>¹</strong></span> <span class='ocrx_word' id='word_1_213' title='bbox 511 3667 631 3716; x_wconf 74' lang='lat' dir='ltr'>Graviter</span> <span class='ocrx_word' id='word_1_214' title='bbox 641 3667 813 3731; x_wconf 62' lang='lat' dir='ltr'>exequentem]</span> <span class='ocrx_word' id='word_1_215' title='bbox 830 3667 863 3716; x_wconf 77' lang='lat' dir='ltr'>A.</span> <span class='ocrx_word' id='word_1_216' title='bbox 878 3668 912 3716; x_wconf 93' lang='lat' dir='ltr'>D.</span> <span class='ocrx_word' id='word_1_217' title='bbox 939 3667 1101 3728; x_wconf 83' lang='lat' dir='ltr'>Romwenna,</span> <span class='ocrx_word' id='word_1_218' title='bbox 1117 3669 1164 3716; x_wconf 91' lang='lat' dir='ltr'>but</span> <span class='ocrx_word' id='word_1_219' title='bbox 1181 3669 1207 3716; x_wconf 88' lang='lat' dir='ltr'>in</span> <span class='ocrx_word' id='word_1_220' title='bbox 1226 3669 1268 3717; x_wconf 89' lang='lat' dir='ltr'>the</span> <span class='ocrx_word' id='word_1_221' title='bbox 1288 3673 1341 3718; x_wconf 86' lang='lat' dir='ltr'>text</span> <span class='ocrx_word' id='word_1_222' title='bbox 1357 3669 1398 3718; x_wconf 89' lang='lat' dir='ltr'>the</span> 
     </span>
     <span class='ocr_line' id='line_1_32' title="bbox 351 3737 1166 3800; baseline 0.001 -16"><span class='ocrx_word' id='word_1_223' title='bbox 351 3740 354 3744; x_wconf 90' lang='grc'>’</span> <span class='ocrx_word' id='word_1_224' title='bbox 453 3739 487 3787; x_wconf 83' lang='lat' dir='ltr'>E.</span> <span class='ocrx_word' id='word_1_225' title='bbox 498 3738 529 3786; x_wconf 89' lang='lat' dir='ltr'>L.</span> <span class='ocrx_word' id='word_1_226' title='bbox 543 3737 581 3784; x_wconf 87' lang='lat' dir='ltr'>M.</span> <span class='ocrx_word' id='word_1_227' title='bbox 591 3753 598 3796; x_wconf 77' lang='lat'>3</span> <span class='ocrx_word' id='word_1_228' title='bbox 615 3739 730 3800; x_wconf 84' lang='lat' dir='ltr'>gnaviter</span> <span class='ocrx_word' id='word_1_229' title='bbox 745 3738 855 3798; x_wconf 82' lang='lat' dir='ltr'>executi,</span> <span class='ocrx_word' id='word_1_230' title='bbox 867 3737 913 3798; x_wconf 59' lang='grc' dir='ltr'>ἃς</span> <span class='ocrx_word' id='word_1_231' title='bbox 937 3751 1010 3784; x_wconf 84' lang='lat' dir='ltr'>name</span> <span class='ocrx_word' id='word_1_232' title='bbox 1021 3738 1043 3784; x_wconf 88' lang='lat' dir='ltr'>is</span> <span class='ocrx_word' id='word_1_233' title='bbox 1054 3737 1166 3786; x_wconf 87' lang='lat' dir='ltr'>omitted.</span> 
     </span>
     <span class='ocr_line' id='line_1_33' title="bbox 453 3802 1395 3869; baseline -0.003 -14"><span class='ocrx_word' id='word_1_234' title='bbox 453 3807 603 3869; x_wconf 85' lang='lat' dir='ltr'>generaliter</span> <span class='ocrx_word' id='word_1_235' title='bbox 614 3807 723 3866; x_wconf 85' lang='lat' dir='ltr'>executi,</span> <span class='ocrx_word' id='word_1_236' title='bbox 736 3807 766 3854; x_wconf 88' lang='lat' dir='ltr'>C.</span> <span class='ocrx_word' id='word_1_237' title='bbox 973 3802 1125 3869; x_wconf 81' lang='lat' dir='ltr'>³Gorongt.]</span> <span class='ocrx_word' id='word_1_238' title='bbox 1133 3806 1195 3855; x_wconf 81' lang='lat' dir='ltr'>This</span> <span class='ocrx_word' id='word_1_239' title='bbox 1202 3807 1274 3856; x_wconf 86' lang='lat' dir='ltr'>word</span> <span class='ocrx_word' id='word_1_240' title='bbox 1281 3808 1327 3856; x_wconf 85' lang='lat' dir='ltr'>has</span> <span class='ocrx_word' id='word_1_241' title='bbox 1335 3809 1395 3855; x_wconf 86' lang='lat' dir='ltr'>been</span> 
     </span>
     <span class='ocr_line' id='line_1_34' title="bbox 487 3872 1396 3938; baseline 0 -16"><span class='ocrx_word' id='word_1_242' title='bbox 487 3872 610 3923; x_wconf 81' lang='lat' dir='ltr'>²Filicm</span> <span class='ocrx_word' id='word_1_243' title='bbox 625 3875 768 3937; x_wconf 63' lang='lat' dir='ltr'>Engista]</span> <span class='ocrx_word' id='word_1_244' title='bbox 794 3874 910 3936; x_wconf 80' lang='lat' dir='ltr'>Geollrey</span> <span class='ocrx_word' id='word_1_245' title='bbox 937 3875 1079 3936; x_wconf 86' lang='lat' dir='ltr'>frequently</span> <span class='ocrx_word' id='word_1_246' title='bbox 1093 3877 1396 3938; x_wconf 83' lang='lat' dir='ltr'>mistakensoraproper</span> 
     </span>
     <span class='ocr_line' id='line_1_35' title="bbox 452 3945 1396 3996; baseline -0.001 -2"><span class='ocrx_word' id='word_1_247' title='bbox 452 3945 482 3994; x_wconf 81' lang='lat' dir='ltr'>oi</span> <span class='ocrx_word' id='word_1_248' title='bbox 497 3945 645 3994; x_wconf 86' lang='lat' dir='ltr'>Moumouth</span> <span class='ocrx_word' id='word_1_249' title='bbox 662 3945 685 3992; x_wconf 86' lang='lat' dir='ltr'>is</span> <span class='ocrx_word' id='word_1_250' title='bbox 702 3946 745 3993; x_wconf 90' lang='lat' dir='ltr'>the</span> <span class='ocrx_word' id='word_1_251' title='bbox 764 3946 817 3992; x_wconf 81' lang='lat' dir='ltr'>first</span> <span class='ocrx_word' id='word_1_252' title='bbox 828 3945 913 3992; x_wconf 85' lang='lat' dir='ltr'>writer</span> <span class='ocrx_word' id='word_1_253' title='bbox 936 3959 1017 3993; x_wconf 89' lang='lat' dir='ltr'>name.</span> <span class='ocrx_word' id='word_1_254' title='bbox 1042 3945 1154 3993; x_wconf 86' lang='lat' dir='ltr'>Camden</span> <span class='ocrx_word' id='word_1_255' title='bbox 1165 3945 1259 3994; x_wconf 82' lang='lat' dir='ltr'>detines</span> <span class='ocrx_word' id='word_1_256' title='bbox 1270 3948 1290 3994; x_wconf 92' lang='lat' dir='ltr'>it</span> <span class='ocrx_word' id='word_1_257' title='bbox 1300 3962 1316 3994; x_wconf 94' lang='lat' dir='ltr'>a</span> <span class='ocrx_word' id='word_1_258' title='bbox 1327 3947 1396 3996; x_wconf 89' lang='lat' dir='ltr'>Guo·</span> 
     </span>
     <span class='ocr_line' id='line_1_36' title="bbox 361 4014 1500 4080; baseline -0.001 -17"><span class='ocrx_word' id='word_1_259' title='bbox 361 4035 368 4044; x_wconf 83' lang='lat'><em>-</em></span> <span class='ocrx_word' id='word_1_260' title='bbox 452 4014 510 4063; x_wconf 85' lang='lat' dir='ltr'>who</span> <span class='ocrx_word' id='word_1_261' title='bbox 521 4015 592 4077; x_wconf 84' lang='lat' dir='ltr'>gives</span> <span class='ocrx_word' id='word_1_262' title='bbox 603 4014 645 4061; x_wconf 89' lang='lat' dir='ltr'>the</span> <span class='ocrx_word' id='word_1_263' title='bbox 653 4028 725 4063; x_wconf 89' lang='lat' dir='ltr'>name</span> <span class='ocrx_word' id='word_1_264' title='bbox 738 4015 766 4062; x_wconf 85' lang='lat' dir='ltr'>ol</span> <span class='ocrx_word' id='word_1_265' title='bbox 775 4015 912 4076; x_wconf 85' lang='lat' dir='ltr'>Hengest&#39;s</span> <span class='ocrx_word' id='word_1_266' title='bbox 935 4029 1049 4076; x_wconf 87' lang='lat' dir='ltr'>reug—a</span> <span class='ocrx_word' id='word_1_267' title='bbox 1059 4015 1201 4075; x_wconf 83' lang='lat' dir='ltr'>viceroy,or</span> <span class='ocrx_word' id='word_1_268' title='bbox 1206 4015 1258 4064; x_wconf 78' lang='lat' dir='ltr'>free</span> <span class='ocrx_word' id='word_1_269' title='bbox 1266 4030 1332 4064; x_wconf 84' lang='lat' dir='ltr'>marr.</span> <span class='ocrx_word' id='word_1_270' title='bbox 1349 4016 1394 4063; x_wconf 89' lang='lat' dir='ltr'>See</span> <span class='ocrx_word' id='word_1_271' title='bbox 1499 4021 1500 4080; x_wconf 31' lang='grc' dir='ltr'>ᾗ</span> 
     </span>
     <span class='ocr_line' id='line_1_37' title="bbox 451 4082 1394 4147; baseline -0.003 -13"><span class='ocrx_word' id='word_1_272' title='bbox 451 4085 590 4145; x_wconf 84' lang='lat' dir='ltr'>daughter:</span> <span class='ocrx_word' id='word_1_273' title='bbox 608 4083 714 4132; x_wconf 80' lang='lat' dir='ltr'>beceda</span> <span class='ocrx_word' id='word_1_274' title='bbox 731 4084 776 4132; x_wconf 89' lang='lat' dir='ltr'>her</span> <span class='ocrx_word' id='word_1_275' title='bbox 790 4086 912 4147; x_wconf 85' lang='lat' dir='ltr'>Ronwen,</span> <span class='ocrx_word' id='word_1_276' title='bbox 937 4082 1027 4133; x_wconf 85' lang='lat' dir='ltr'>Camd.</span> <span class='ocrx_word' id='word_1_277' title='bbox 1043 4085 1108 4133; x_wconf 88' lang='lat' dir='ltr'>Brit.</span> <span class='ocrx_word' id='word_1_278' title='bbox 1125 4087 1172 4133; x_wconf 88' lang='lat' dir='ltr'>eol.</span> <span class='ocrx_word' id='word_1_279' title='bbox 1186 4089 1243 4147; x_wconf 75' lang='lat'>187,</span> <span class='ocrx_word' id='word_1_280' title='bbox 1261 4085 1322 4134; x_wconf 90' lang='lat' dir='ltr'>edit.</span> <span class='ocrx_word' id='word_1_281' title='bbox 1334 4085 1394 4134; x_wconf 85' lang='lat' dir='ltr'>Gib-</span> 
     </span>
     <span class='ocr_line' id='line_1_38' title="bbox 451 4154 1174 4215; baseline 0.001 -13"><span class='ocrx_word' id='word_1_282' title='bbox 451 4169 467 4202; x_wconf 90' lang='lat' dir='ltr'>a</span> <span class='ocrx_word' id='word_1_283' title='bbox 493 4167 566 4202; x_wconf 86' lang='lat' dir='ltr'>name</span> <span class='ocrx_word' id='word_1_284' title='bbox 583 4154 618 4212; x_wconf 86' lang='lat' dir='ltr'>by</span> <span class='ocrx_word' id='word_1_285' title='bbox 636 4168 668 4202; x_wconf 89' lang='lat' dir='ltr'>uo</span> <span class='ocrx_word' id='word_1_286' title='bbox 691 4167 777 4202; x_wconf 86' lang='lat' dir='ltr'>means</span> <span class='ocrx_word' id='word_1_287' title='bbox 799 4167 911 4202; x_wconf 87' lang='lat' dir='ltr'>common</span> <span class='ocrx_word' id='word_1_288' title='bbox 936 4167 990 4215; x_wconf 86' lang='lat' dir='ltr'>son,</span> <span class='ocrx_word' id='word_1_289' title='bbox 1006 4154 1088 4203; x_wconf 91' lang='lat' dir='ltr'>Lond.</span> <span class='ocrx_word' id='word_1_290' title='bbox 1102 4158 1174 4203; x_wconf 79' lang='grc'><strong>1695.</strong></span> 
     </span>
     <span class='ocr_line' id='line_1_39' title="bbox 449 4217 1393 4289; baseline -0.003 -18"><span class='ocrx_word' id='word_1_291' title='bbox 449 4237 541 4284; x_wconf 81' lang='lat' dir='ltr'>among</span> <span class='ocrx_word' id='word_1_292' title='bbox 552 4221 594 4270; x_wconf 87' lang='lat' dir='ltr'>the</span> <span class='ocrx_word' id='word_1_293' title='bbox 605 4222 807 4284; x_wconf 78' lang='lat' dir='ltr'>Aegle-Saxona.</span> <span class='ocrx_word' id='word_1_294' title='bbox 823 4223 855 4270; x_wconf 88' lang='lat' dir='ltr'>In</span> <span class='ocrx_word' id='word_1_295' title='bbox 862 4222 912 4271; x_wconf 85' lang='lat' dir='ltr'>Ca·</span> <span class='ocrx_word' id='word_1_296' title='bbox 972 4221 982 4249; x_wconf 92' lang='lat'><strong>⁴</strong></span> <span class='ocrx_word' id='word_1_297' title='bbox 992 4222 1107 4271; x_wconf 84' lang='lat' dir='ltr'>Fratrem</span> <span class='ocrx_word' id='word_1_298' title='bbox 1117 4228 1142 4270; x_wconf 88' lang='lat' dir='ltr'>et</span> <span class='ocrx_word' id='word_1_299' title='bbox 1145 4217 1253 4289; x_wconf 73' lang='lat' dir='ltr'>filium]</span> <span class='ocrx_word' id='word_1_300' title='bbox 1267 4223 1335 4270; x_wconf 85' lang='lat' dir='ltr'>Olba</span> <span class='ocrx_word' id='word_1_301' title='bbox 1345 4221 1393 4270; x_wconf 85' lang='lat' dir='ltr'>aud</span> 
     </span>
     <span class='ocr_line' id='line_1_40' title="bbox 450 4289 1394 4358; baseline -0.001 -18"><span class='ocrx_word' id='word_1_302' title='bbox 450 4293 531 4358; x_wconf 85' lang='lat' dir='ltr'>pitulo</span> <span class='ocrx_word' id='word_1_303' title='bbox 543 4291 665 4340; x_wconf 72' lang='lat' dir='ltr'>Historia</span> <span class='ocrx_word' id='word_1_304' title='bbox 685 4289 911 4356; x_wconf 82' lang='lat' dir='ltr'>Nennii(mv1.)</span> <span class='ocrx_word' id='word_1_305' title='bbox 936 4292 1102 4342; x_wconf 81' lang='lat' dir='ltr'>Ebusawere</span> <span class='ocrx_word' id='word_1_306' title='bbox 1121 4293 1163 4340; x_wconf 89' lang='lat' dir='ltr'>the</span> <span class='ocrx_word' id='word_1_307' title='bbox 1181 4307 1268 4340; x_wconf 87' lang='lat' dir='ltr'>names</span> <span class='ocrx_word' id='word_1_308' title='bbox 1284 4291 1313 4340; x_wconf 83' lang='lat' dir='ltr'>ol</span> <span class='ocrx_word' id='word_1_309' title='bbox 1326 4292 1394 4340; x_wconf 87' lang='lat' dir='ltr'>Hen-</span> 
     </span>
     <span class='ocr_line' id='line_1_41' title="bbox 449 4361 1249 4423; baseline 0.005 -15"><span class='ocrx_word' id='word_1_310' title='bbox 449 4361 492 4410; x_wconf 87' lang='lat' dir='ltr'>the</span> <span class='ocrx_word' id='word_1_311' title='bbox 503 4361 628 4423; x_wconf 84' lang='lat' dir='ltr'>daughter</span> <span class='ocrx_word' id='word_1_312' title='bbox 636 4362 665 4412; x_wconf 76' lang='grc' dir='ltr'>οἱ</span> <span class='ocrx_word' id='word_1_313' title='bbox 672 4361 789 4423; x_wconf 84' lang='lat' dir='ltr'>Hengest</span> <span class='ocrx_word' id='word_1_314' title='bbox 798 4362 821 4410; x_wconf 85' lang='lat' dir='ltr'>is</span> <span class='ocrx_word' id='word_1_315' title='bbox 829 4361 909 4411; x_wconf 85' lang='lat' dir='ltr'>called</span> <span class='ocrx_word' id='word_1_316' title='bbox 934 4363 1012 4422; x_wconf 83' lang='lat' dir='ltr'>gest&#39;s</span> <span class='ocrx_word' id='word_1_317' title='bbox 1022 4361 1123 4413; x_wconf 90' lang='lat' dir='ltr'>brother</span> <span class='ocrx_word' id='word_1_318' title='bbox 1133 4361 1184 4412; x_wconf 89' lang='lat' dir='ltr'>and</span> <span class='ocrx_word' id='word_1_319' title='bbox 1194 4376 1249 4412; x_wconf 83' lang='lat' dir='ltr'>sou.</span> 
     </span>
    </p>
   </div>
   <div class='ocr_carea' id='block_1_5' title="bbox 0 0 1558 4974">
    <p class='ocr_par' dir='ltr' id='par_1_5' title="bbox 0 0 1558 4974">
     <span class='ocr_line' id='line_1_42' title="bbox 0 0 1558 4974; baseline 0 4"><span class='ocrx_word' id='word_1_320' title='bbox 0 0 1558 4974; x_wconf 95' lang='lat' dir='ltr'> </span> 
     </span>
    </p>
   </div>
  </div>
 </body>
</html>
