<?xml version="1.0" encoding="UTF-8"?>
<!DOCTYPE html PUBLIC "-//W3C//DTD XHTML 1.0 Transitional//EN"
    "http://www.w3.org/TR/xhtml1/DTD/xhtml1-transitional.dtd">
<html xmlns="http://www.w3.org/1999/xhtml" xml:lang="en" lang="en">
 <head>
  <title>
</title>
<meta http-equiv="Content-Type" content="text/html;charset=utf-8" />
  <meta name='ocr-system' content='tesseract 3.04.00' />
  <meta name='ocr-capabilities' content='ocr_page ocr_carea ocr_par ocr_line ocrx_word'/>
</head>
<body>
  <div class='ocr_page' id='page_1' title='image "./willelmimalmesb00willgoog_0122.png"; bbox 0 0 3162 4972; ppageno 0'>
   <div class='ocr_carea' id='block_1_1' title="bbox 392 453 1433 540">
    <p class='ocr_par' dir='ltr' id='par_1_1' title="bbox 392 453 1433 540">
     <span class='ocr_line' id='line_1_1' title="bbox 392 453 1433 540; baseline 0.005 -22"><span class='ocrx_word' id='word_1_1' title='bbox 392 453 460 518; x_wconf 88' lang='grc'><strong>106</strong></span> <span class='ocrx_word' id='word_1_2' title='bbox 618 469 732 517; x_wconf 74' lang='lat' dir='ltr'><strong>onera</strong></span> <span class='ocrx_word' id='word_1_3' title='bbox 756 467 883 516; x_wconf 83' lang='lat' dir='ltr'><strong>nneuu</strong></span> <span class='ocrx_word' id='word_1_4' title='bbox 908 467 1122 518; x_wconf 72' lang='lat' dir='ltr'><strong>nucnoeuu.</strong></span> <span class='ocrx_word' id='word_1_5' title='bbox 1222 460 1350 540; x_wconf 81' lang='lat' dir='ltr'><strong>[mni.</strong></span> <span class='ocrx_word' id='word_1_6' title='bbox 1430 507 1433 512; x_wconf 81' lang='grc'>.</span> 
     </span>
    </p>
   </div>
   <div class='ocr_carea' id='block_1_2' title="bbox 392 613 1350 1706">
    <p class='ocr_par' dir='ltr' id='par_1_2' title="bbox 392 613 1350 1308">
     <span class='ocr_line' id='line_1_2' title="bbox 393 613 1350 709; baseline 0.004 -19"><span class='ocrx_word' id='word_1_7' title='bbox 393 628 437 691; x_wconf 95' lang='lat' dir='ltr'><strong>de</strong></span> <span class='ocrx_word' id='word_1_8' title='bbox 451 627 656 692; x_wconf 84' lang='lat' dir='ltr'><strong>infidelitate</strong></span> <span class='ocrx_word' id='word_1_9' title='bbox 671 627 785 708; x_wconf 82' lang='lat' dir='ltr'><strong>gentis</strong></span> <span class='ocrx_word' id='word_1_10' title='bbox 800 635 836 691; x_wconf 88' lang='lat' dir='ltr'><strong>et</strong></span> <span class='ocrx_word' id='word_1_11' title='bbox 851 645 934 691; x_wconf 88' lang='lat' dir='ltr'><strong>nece</strong></span> <span class='ocrx_word' id='word_1_12' title='bbox 951 613 1054 709; x_wconf 79' lang='lat' dir='ltr'><strong>regis.</strong></span> <span class='ocrx_word' id='word_1_13' title='bbox 1108 628 1167 693; x_wconf 84' lang='lat' dir='ltr'><strong>Ita</strong></span> <span class='ocrx_word' id='word_1_14' title='bbox 1184 621 1350 709; x_wconf 85' lang='lat' dir='ltr'><strong>Karolus,</strong></span> 
     </span>
     <span class='ocr_line' id='line_1_3' title="bbox 393 727 1349 808; baseline 0.005 -18"><span class='ocrx_word' id='word_1_15' title='bbox 393 734 545 792; x_wconf 84' lang='lat' dir='ltr'><strong>retracta</strong></span> <span class='ocrx_word' id='word_1_16' title='bbox 559 727 728 792; x_wconf 90' lang='lat' dir='ltr'><strong>donorum</strong></span> <span class='ocrx_word' id='word_1_17' title='bbox 744 727 921 808; x_wconf 82' lang='lat' dir='ltr'><strong>largitate,</strong></span> <span class='ocrx_word' id='word_1_18' title='bbox 944 727 980 790; x_wconf 93' lang='lat' dir='ltr'><strong>in</strong></span> <span class='ocrx_word' id='word_1_19' title='bbox 997 727 1134 792; x_wconf 88' lang='lat' dir='ltr'><strong>tantum</strong></span> <span class='ocrx_word' id='word_1_20' title='bbox 1158 729 1271 793; x_wconf 88' lang='lat' dir='ltr'><strong>iratus</strong></span> <span class='ocrx_word' id='word_1_21' title='bbox 1295 739 1349 796; x_wconf 86' lang='lat' dir='ltr'><strong>est</strong></span> 
     </span>
     <span class='ocr_line' id='line_1_4' title="bbox 394 827 1349 911; baseline 0.002 -21"><span class='ocrx_word' id='word_1_22' title='bbox 394 834 517 891; x_wconf 88' lang='lat' dir='ltr'><strong>contra</strong></span> <span class='ocrx_word' id='word_1_23' title='bbox 532 834 672 909; x_wconf 80' lang='lat' dir='ltr'><strong>gentem</strong></span> <span class='ocrx_word' id='word_1_24' title='bbox 690 827 797 903; x_wconf 85' lang='lat' dir='ltr'><strong>illam,</strong></span> <span class='ocrx_word' id='word_1_25' title='bbox 821 833 861 890; x_wconf 90' lang='lat' dir='ltr'><strong>nt</strong></span> <span class='ocrx_word' id='word_1_26' title='bbox 883 827 945 904; x_wconf 89' lang='lat' dir='ltr'><strong>ait,</strong></span> <span class='ocrx_word' id='word_1_27' title='bbox 961 827 1126 910; x_wconf 89' lang='lat' dir='ltr'><strong>perfidam</strong></span> <span class='ocrx_word' id='word_1_28' title='bbox 1151 835 1186 892; x_wconf 88' lang='lat' dir='ltr'><strong>et</strong></span> <span class='ocrx_word' id='word_1_29' title='bbox 1210 849 1349 911; x_wconf 87' lang='lat' dir='ltr'><strong>perver-</strong></span> 
     </span>
     <span class='ocr_line' id='line_1_5' title="bbox 392 925 1348 1012; baseline 0.003 -22"><span class='ocrx_word' id='word_1_30' title='bbox 392 945 481 1004; x_wconf 89' lang='lat' dir='ltr'><strong>sam,</strong></span> <span class='ocrx_word' id='word_1_31' title='bbox 496 934 532 991; x_wconf 92' lang='lat' dir='ltr'><strong>et</strong></span> <span class='ocrx_word' id='word_1_32' title='bbox 556 926 762 990; x_wconf 85' lang='lat' dir='ltr'><strong>homicidam</strong></span> <span class='ocrx_word' id='word_1_33' title='bbox 786 925 1001 990; x_wconf 91' lang='lat' dir='ltr'><strong>dominorum</strong></span> <span class='ocrx_word' id='word_1_34' title='bbox 1026 945 1180 1005; x_wconf 88' lang='lat' dir='ltr'><strong>suorum,</strong></span> <span class='ocrx_word' id='word_1_35' title='bbox 1195 929 1348 1012; x_wconf 88' lang='lat' dir='ltr'><strong>pejorem</strong></span> 
     </span>
     <span class='ocr_line' id='line_1_6' title="bbox 393 1024 1349 1109; baseline 0.002 -19"><span class='ocrx_word' id='word_1_36' title='bbox 393 1045 471 1090; x_wconf 87' lang='lat' dir='ltr'><strong>eam</strong></span> <span class='ocrx_word' id='word_1_37' title='bbox 501 1026 648 1109; x_wconf 82' lang='lat' dir='ltr'><strong>paganis</strong></span> <span class='ocrx_word' id='word_1_38' title='bbox 673 1027 861 1103; x_wconf 66' lang='lat' dir='ltr'><strong>aestimans</strong></span> <span class='ocrx_word' id='word_1_39' title='bbox 887 1035 939 1103; x_wconf 91' lang='lat' dir='ltr'><strong>ut,</strong></span> <span class='ocrx_word' id='word_1_40' title='bbox 961 1024 1028 1089; x_wconf 89' lang='lat' dir='ltr'><strong>nisi</strong></span> <span class='ocrx_word' id='word_1_41' title='bbox 1052 1046 1117 1108; x_wconf 82' lang='lat' dir='ltr'><strong>ego</strong></span> <span class='ocrx_word' id='word_1_42' title='bbox 1143 1027 1349 1092; x_wconf 81' lang='lat' dir='ltr'><strong>intercessor</strong></span> 
     </span>
     <span class='ocr_line' id='line_1_7' title="bbox 394 1124 1349 1210; baseline 0.003 -20"><span class='ocrx_word' id='word_1_43' title='bbox 394 1145 505 1190; x_wconf 88' lang='lat' dir='ltr'><strong>essem</strong></span> <span class='ocrx_word' id='word_1_44' title='bbox 520 1145 583 1209; x_wconf 90' lang='lat' dir='ltr'><strong>pro</strong></span> <span class='ocrx_word' id='word_1_45' title='bbox 597 1145 651 1203; x_wconf 90' lang='lat' dir='ltr'><strong>ea,</strong></span> <span class='ocrx_word' id='word_1_46' title='bbox 667 1124 830 1207; x_wconf 89' lang='lat' dir='ltr'><strong>quicquid</strong></span> <span class='ocrx_word' id='word_1_47' title='bbox 845 1125 895 1188; x_wconf 89' lang='lat' dir='ltr'><strong>eis</strong></span> <span class='ocrx_word' id='word_1_48' title='bbox 919 1126 1000 1189; x_wconf 92' lang='lat' dir='ltr'><strong>honi</strong></span> <span class='ocrx_word' id='word_1_49' title='bbox 1022 1126 1223 1190; x_wconf 79' lang='lat' dir='ltr'>abstrahere</span> <span class='ocrx_word' id='word_1_50' title='bbox 1246 1136 1349 1210; x_wconf 92' lang='lat' dir='ltr'><strong>potu·</strong></span> 
     </span>
     <span class='ocr_line' id='line_1_8' title="bbox 394 1224 1124 1308; baseline 0.001 -19"><span class='ocrx_word' id='word_1_51' title='bbox 394 1227 490 1301; x_wconf 89' lang='lat' dir='ltr'><strong>isset,</strong></span> <span class='ocrx_word' id='word_1_52' title='bbox 508 1234 542 1289; x_wconf 93' lang='lat' dir='ltr'><strong>et</strong></span> <span class='ocrx_word' id='word_1_53' title='bbox 558 1225 640 1288; x_wconf 88' lang='lat' dir='ltr'><strong>mali</strong></span> <span class='ocrx_word' id='word_1_54' title='bbox 657 1224 858 1302; x_wconf 89' lang='lat' dir='ltr'><strong>machinari,</strong></span> <span class='ocrx_word' id='word_1_55' title='bbox 869 1224 944 1308; x_wconf 93' lang='lat' dir='ltr'><strong>jam</strong></span> <span class='ocrx_word' id='word_1_56' title='bbox 961 1224 1124 1290; x_wconf 66' lang='lat' dir='ltr'><strong>fecisset!</strong></span> 
     </span>
    </p>

    <p class='ocr_par' dir='ltr' id='par_1_3' title="bbox 393 1317 1347 1706">
     <span class='ocr_line' id='line_1_9' title="bbox 447 1317 1347 1408; baseline 0 -20"><span class='ocrx_word' id='word_1_57' title='bbox 447 1323 532 1407; x_wconf 72' lang='lat'><strong>573.</strong></span> <span class='ocrx_word' id='word_1_58' title='bbox 562 1317 667 1389; x_wconf 89' lang='lat' dir='ltr'><strong>¹Post</strong></span> <span class='ocrx_word' id='word_1_59' title='bbox 699 1323 922 1388; x_wconf 90' lang='lat' dir='ltr'><strong>Ethelredum</strong></span> <span class='ocrx_word' id='word_1_60' title='bbox 964 1325 1080 1388; x_wconf 89' lang='lat' dir='ltr'><strong>nullus</strong></span> <span class='ocrx_word' id='word_1_61' title='bbox 1118 1325 1163 1388; x_wconf 86' lang='lat' dir='ltr'><strong>ad</strong></span> <span class='ocrx_word' id='word_1_62' title='bbox 1202 1345 1347 1408; x_wconf 81' lang='lat' dir='ltr'><strong>regnum</strong></span> 
     </span>
     <span class='ocr_line' id='line_1_10' title="bbox 393 1423 1347 1507; baseline 0 -19"><span class='ocrx_word' id='word_1_63' title='bbox 393 1424 580 1488; x_wconf 80' lang='lat' dir='ltr'><strong>ascendere</strong></span> <span class='ocrx_word' id='word_1_64' title='bbox 608 1442 727 1501; x_wconf 87' lang='lat' dir='ltr'><strong>ausus,</strong></span> <span class='ocrx_word' id='word_1_65' title='bbox 760 1423 841 1486; x_wconf 89' lang='lat' dir='ltr'><strong>dum</strong></span> <span class='ocrx_word' id='word_1_66' title='bbox 862 1423 1010 1507; x_wconf 92' lang='lat' dir='ltr'><strong>quisque</strong></span> <span class='ocrx_word' id='word_1_67' title='bbox 1035 1426 1251 1507; x_wconf 80' lang='lat' dir='ltr'><strong>superiorum</strong></span> <span class='ocrx_word' id='word_1_68' title='bbox 1282 1427 1347 1488; x_wconf 89' lang='lat' dir='ltr'><strong>sibi</strong></span> 
     </span>
     <span class='ocr_line' id='line_1_11' title="bbox 395 1523 1346 1604; baseline 0 -16"><span class='ocrx_word' id='word_1_69' title='bbox 395 1543 514 1588; x_wconf 88' lang='lat' dir='ltr'><strong>casum</strong></span> <span class='ocrx_word' id='word_1_70' title='bbox 543 1524 691 1600; x_wconf 91' lang='lat' dir='ltr'><strong>timeret,</strong></span> <span class='ocrx_word' id='word_1_71' title='bbox 718 1530 753 1587; x_wconf 91' lang='lat' dir='ltr'><strong>et</strong></span> <span class='ocrx_word' id='word_1_72' title='bbox 782 1524 853 1587; x_wconf 93' lang='lat' dir='ltr'><strong>otio</strong></span> <span class='ocrx_word' id='word_1_73' title='bbox 878 1523 1025 1604; x_wconf 89' lang='lat' dir='ltr'><strong>inglorio</strong></span> <span class='ocrx_word' id='word_1_74' title='bbox 1049 1530 1146 1587; x_wconf 90' lang='lat' dir='ltr'><strong>tutus</strong></span> <span class='ocrx_word' id='word_1_75' title='bbox 1173 1525 1346 1600; x_wconf 82' lang='lat' dir='ltr'><strong>victitare,</strong></span> 
     </span>
     <span class='ocr_line' id='line_1_12' title="bbox 395 1623 1347 1706; baseline 0 -20"><span class='ocrx_word' id='word_1_76' title='bbox 395 1643 500 1706; x_wconf 89' lang='lat' dir='ltr'><strong>quam</strong></span> <span class='ocrx_word' id='word_1_77' title='bbox 514 1624 657 1704; x_wconf 90' lang='lat' dir='ltr'><strong>ancipiti</strong></span> <span class='ocrx_word' id='word_1_78' title='bbox 675 1623 870 1686; x_wconf 89' lang='lat' dir='ltr'><strong>discrimine</strong></span> <span class='ocrx_word' id='word_1_79' title='bbox 888 1623 1059 1705; x_wconf 90' lang='lat' dir='ltr'><strong>pendulus</strong></span> <span class='ocrx_word' id='word_1_80' title='bbox 1082 1643 1238 1705; x_wconf 81' lang='lat' dir='ltr'><strong>regnare,</strong></span> <span class='ocrx_word' id='word_1_81' title='bbox 1260 1624 1347 1687; x_wconf 90' lang='lat' dir='ltr'><strong>mal-</strong></span> 
     </span>
    </p>
   </div>
   <div class='ocr_carea' id='block_1_3' title="bbox 395 1721 1442 1805">
    <p class='ocr_par' dir='ltr' id='par_1_4' title="bbox 395 1721 1442 1805">
     <span class='ocr_line' id='line_1_13' title="bbox 395 1721 1442 1805; baseline 0.002 -21"><span class='ocrx_word' id='word_1_82' title='bbox 395 1721 466 1786; x_wconf 89' lang='lat' dir='ltr'><strong>let:</strong></span> <span class='ocrx_word' id='word_1_83' title='bbox 503 1723 687 1805; x_wconf 90' lang='lat' dir='ltr'><strong>plerosque</strong></span> <span class='ocrx_word' id='word_1_84' title='bbox 709 1723 799 1785; x_wconf 89' lang='lat' dir='ltr'><strong>enim</strong></span> <span class='ocrx_word' id='word_1_85' title='bbox 822 1742 943 1804; x_wconf 85' lang='lat' dir='ltr'><strong>regum</strong></span> <span class='ocrx_word' id='word_1_86' title='bbox 972 1722 1347 1787; x_wconf 88' lang='lat' dir='ltr'><strong>Northanhimbrorum</strong></span> <span class='ocrx_word' id='word_1_87' title='bbox 1439 1774 1442 1776; x_wconf 89' lang='lat'><strong><em>.</em></strong></span> 
     </span>
    </p>
   </div>
   <div class='ocr_carea' id='block_1_4' title="bbox 393 1821 1348 3298">
    <p class='ocr_par' dir='ltr' id='par_1_5' title="bbox 393 1821 1348 3298">
     <span class='ocr_line' id='line_1_14' title="bbox 395 1821 1348 1903; baseline 0.001 -19"><span class='ocrx_word' id='word_1_88' title='bbox 395 1821 557 1885; x_wconf 84' lang='lat' dir='ltr'><strong>familiari</strong></span> <span class='ocrx_word' id='word_1_89' title='bbox 582 1841 669 1903; x_wconf 92' lang='lat' dir='ltr'><strong>pene</strong></span> <span class='ocrx_word' id='word_1_90' title='bbox 694 1822 802 1885; x_wconf 86' lang='lat' dir='ltr'><strong>exitio</strong></span> <span class='ocrx_word' id='word_1_91' title='bbox 819 1822 929 1885; x_wconf 89' lang='lat' dir='ltr'><strong>vitam</strong></span> <span class='ocrx_word' id='word_1_92' title='bbox 946 1823 1071 1885; x_wconf 84' lang='lat' dir='ltr'><strong>exisse.</strong></span> <span class='ocrx_word' id='word_1_93' title='bbox 1115 1822 1174 1886; x_wconf 92' lang='lat' dir='ltr'><strong>Ita</strong></span> <span class='ocrx_word' id='word_1_94' title='bbox 1190 1829 1348 1886; x_wconf 86' lang='lat' dir='ltr'><strong>cessante</strong></span> 
     </span>
     <span class='ocr_line' id='line_1_15' title="bbox 395 1915 1348 2004; baseline 0.001 -21"><span class='ocrx_word' id='word_1_95' title='bbox 395 1928 529 1985; x_wconf 90' lang='lat' dir='ltr'><strong>rectore</strong></span> <span class='ocrx_word' id='word_1_96' title='bbox 554 1941 616 2003; x_wconf 91' lang='lat' dir='ltr'><strong>per</strong></span> <span class='ocrx_word' id='word_1_97' title='bbox 639 1920 783 2001; x_wconf 85' lang='lat' dir='ltr'><strong>triginta</strong></span> <span class='ocrx_word' id='word_1_98' title='bbox 805 1927 876 1984; x_wconf 91' lang='lat' dir='ltr'><strong>tres</strong></span> <span class='ocrx_word' id='word_1_99' title='bbox 898 1940 1019 1997; x_wconf 89' lang='lat' dir='ltr'><strong>annos,</strong></span> <span class='ocrx_word' id='word_1_100' title='bbox 1042 1915 1239 2004; x_wconf 78' lang='lat' dir='ltr'><strong>²provincia</strong></span> <span class='ocrx_word' id='word_1_101' title='bbox 1262 1923 1348 1985; x_wconf 87' lang='lat' dir='ltr'><strong>risui</strong></span> 
     </span>
     <span class='ocr_line' id='line_1_16' title="bbox 396 2019 1347 2103; baseline 0 -20"><span class='ocrx_word' id='word_1_102' title='bbox 396 2027 432 2084; x_wconf 92' lang='lat' dir='ltr'><strong>et</strong></span> <span class='ocrx_word' id='word_1_103' title='bbox 461 2020 589 2102; x_wconf 89' lang='lat' dir='ltr'><strong>praedae</strong></span> <span class='ocrx_word' id='word_1_104' title='bbox 618 2021 772 2083; x_wconf 88' lang='lat' dir='ltr'><strong>finitimis</strong></span> <span class='ocrx_word' id='word_1_105' title='bbox 804 2019 881 2084; x_wconf 84' lang='lat' dir='ltr'><strong>fuit.</strong></span> <span class='ocrx_word' id='word_1_106' title='bbox 943 2020 1120 2103; x_wconf 90' lang='lat' dir='ltr'><strong>Siquidem</strong></span> <span class='ocrx_word' id='word_1_107' title='bbox 1151 2022 1211 2084; x_wconf 91' lang='lat' dir='ltr'><strong>ubi</strong></span> <span class='ocrx_word' id='word_1_108' title='bbox 1242 2021 1347 2099; x_wconf 89' lang='lat' dir='ltr'><strong>Dani,</strong></span> 
     </span>
     <span class='ocr_line' id='line_1_17' title="bbox 393 2117 1347 2203; baseline 0 -20"><span class='ocrx_word' id='word_1_109' title='bbox 393 2139 484 2202; x_wconf 89' lang='lat' dir='ltr'><strong>quos</strong></span> <span class='ocrx_word' id='word_1_110' title='bbox 512 2139 557 2183; x_wconf 89' lang='lat' dir='ltr'><strong>ex</strong></span> <span class='ocrx_word' id='word_1_111' title='bbox 584 2120 699 2183; x_wconf 88' lang='lat' dir='ltr'><strong>verbis</strong></span> <span class='ocrx_word' id='word_1_112' title='bbox 727 2117 876 2183; x_wconf 86' lang='lat' dir='ltr'><strong>Alcwini</strong></span> <span class='ocrx_word' id='word_1_113' title='bbox 903 2119 982 2183; x_wconf 91' lang='lat' dir='ltr'><strong>loca</strong></span> <span class='ocrx_word' id='word_1_114' title='bbox 1014 2126 1212 2184; x_wconf 89' lang='lat' dir='ltr'><strong>sanctorum</strong></span> <span class='ocrx_word' id='word_1_115' title='bbox 1236 2140 1347 2203; x_wconf 91' lang='lat' dir='ltr'><strong>popu-</strong></span> 
     </span>
     <span class='ocr_line' id='line_1_18' title="bbox 396 2218 1347 2309; baseline 0 -27"><span class='ocrx_word' id='word_1_116' title='bbox 396 2220 487 2283; x_wconf 90' lang='lat' dir='ltr'><strong>latos</strong></span> <span class='ocrx_word' id='word_1_117' title='bbox 512 2219 620 2309; x_wconf 83' lang='lat' dir='ltr'><strong>fuisse</strong></span> <span class='ocrx_word' id='word_1_118' title='bbox 647 2238 753 2300; x_wconf 89' lang='lat' dir='ltr'><strong>supra</strong></span> <span class='ocrx_word' id='word_1_119' title='bbox 781 2218 1006 2295; x_wconf 64' lang='lat' dir='ltr'><strong>ostendimus</strong></span> <span class='ocrx_word' id='word_1_120' title='bbox 1031 2219 1170 2283; x_wconf 93' lang='lat' dir='ltr'><strong>domum</strong></span> <span class='ocrx_word' id='word_1_121' title='bbox 1187 2221 1347 2302; x_wconf 82' lang='lat' dir='ltr'><strong>regressi,</strong></span> 
     </span>
     <span class='ocr_line' id='line_1_19' title="bbox 396 2317 1346 2400; baseline 0 -18"><span class='ocrx_word' id='word_1_122' title='bbox 396 2319 531 2382; x_wconf 86' lang='lat' dir='ltr'><strong>caeteris</strong></span> <span class='ocrx_word' id='word_1_123' title='bbox 551 2319 674 2382; x_wconf 86' lang='lat' dir='ltr'><strong>insulae</strong></span> <span class='ocrx_word' id='word_1_124' title='bbox 700 2319 835 2400; x_wconf 89' lang='lat' dir='ltr'><strong>copiam</strong></span> <span class='ocrx_word' id='word_1_125' title='bbox 852 2317 1155 2400; x_wconf 73' lang='lat' dir='ltr'><strong>habitatorumque</strong></span> <span class='ocrx_word' id='word_1_126' title='bbox 1171 2320 1346 2400; x_wconf 82' lang='lat' dir='ltr'><strong>ignaviam</strong></span> 
     </span>
     <span class='ocr_line' id='line_1_20' title="bbox 396 2418 1347 2500; baseline -0.001 -18"><span class='ocrx_word' id='word_1_127' title='bbox 396 2420 629 2498; x_wconf 88' lang='lat' dir='ltr'><strong>nunciarunt;</strong></span> <span class='ocrx_word' id='word_1_128' title='bbox 652 2418 804 2494; x_wconf 90' lang='lat' dir='ltr'><strong>barbari,</strong></span> <span class='ocrx_word' id='word_1_129' title='bbox 825 2418 952 2499; x_wconf 85' lang='lat' dir='ltr'><strong>raptim</strong></span> <span class='ocrx_word' id='word_1_130' title='bbox 970 2419 1177 2500; x_wconf 89' lang='lat' dir='ltr'><strong>copioseque</strong></span> <span class='ocrx_word' id='word_1_131' title='bbox 1199 2419 1347 2482; x_wconf 89' lang='lat' dir='ltr'><strong>insulam</strong></span> 
     </span>
     <span class='ocr_line' id='line_1_21' title="bbox 394 2511 1345 2600; baseline 0 -19"><span class='ocrx_word' id='word_1_132' title='bbox 394 2525 565 2600; x_wconf 86' lang='lat' dir='ltr'><strong>petentes,</strong></span> <span class='ocrx_word' id='word_1_133' title='bbox 587 2518 666 2581; x_wconf 89' lang='lat' dir='ltr'><strong>illas</strong></span> <span class='ocrx_word' id='word_1_134' title='bbox 690 2511 743 2580; x_wconf 80' lang='lat' dir='ltr'><strong>³in</strong></span> <span class='ocrx_word' id='word_1_135' title='bbox 769 2517 804 2580; x_wconf 95' lang='lat' dir='ltr'><strong>id</strong></span> <span class='ocrx_word' id='word_1_136' title='bbox 828 2524 965 2598; x_wconf 89' lang='lat' dir='ltr'><strong>tempus</strong></span> <span class='ocrx_word' id='word_1_137' title='bbox 979 2525 1097 2599; x_wconf 87' lang='lat' dir='ltr'><strong>partes</strong></span> <span class='ocrx_word' id='word_1_138' title='bbox 1120 2537 1345 2600; x_wconf 83' lang='lat' dir='ltr'><strong>occupavere.</strong></span> 
     </span>
     <span class='ocr_line' id='line_1_22' title="bbox 396 2616 1347 2700; baseline 0 -20"><span class='ocrx_word' id='word_1_139' title='bbox 396 2616 490 2681; x_wconf 89' lang='lat' dir='ltr'><strong>Nam</strong></span> <span class='ocrx_word' id='word_1_140' title='bbox 518 2625 552 2682; x_wconf 88' lang='lat' dir='ltr'><strong>et</strong></span> <span class='ocrx_word' id='word_1_141' title='bbox 578 2637 694 2698; x_wconf 86' lang='lat' dir='ltr'><strong>regem</strong></span> <span class='ocrx_word' id='word_1_142' title='bbox 720 2616 839 2680; x_wconf 89' lang='lat' dir='ltr'><strong>multis</strong></span> <span class='ocrx_word' id='word_1_143' title='bbox 858 2617 957 2679; x_wconf 90' lang='lat' dir='ltr'><strong>annis</strong></span> <span class='ocrx_word' id='word_1_144' title='bbox 984 2616 1135 2680; x_wconf 90' lang='lat' dir='ltr'><strong>habuere</strong></span> <span class='ocrx_word' id='word_1_145' title='bbox 1157 2619 1347 2700; x_wconf 90' lang='lat' dir='ltr'><strong>proprium,</strong></span> 
     </span>
     <span class='ocr_line' id='line_1_23' title="bbox 395 2715 1348 2800; baseline 0 -20"><span class='ocrx_word' id='word_1_146' title='bbox 395 2719 456 2800; x_wconf 89' lang='lat' dir='ltr'><strong>qui</strong></span> <span class='ocrx_word' id='word_1_147' title='bbox 489 2726 605 2780; x_wconf 87' lang='lat' dir='ltr'><strong>tamen</strong></span> <span class='ocrx_word' id='word_1_148' title='bbox 638 2717 682 2780; x_wconf 92' lang='lat' dir='ltr'><strong>ad</strong></span> <span class='ocrx_word' id='word_1_149' title='bbox 716 2717 808 2797; x_wconf 80' lang='lat' dir='ltr'><strong>regis</strong></span> <span class='ocrx_word' id='word_1_150' title='bbox 841 2715 1140 2780; x_wconf 78' lang='lat' dir='ltr'><strong>west-Saxonum</strong></span> <span class='ocrx_word' id='word_1_151' title='bbox 1175 2725 1348 2799; x_wconf 88' lang='lat' dir='ltr'><strong>spectaret</strong></span> 
     </span>
     <span class='ocr_line' id='line_1_24' title="bbox 396 2815 1348 2897; baseline 0.001 -18"><span class='ocrx_word' id='word_1_152' title='bbox 396 2817 597 2896; x_wconf 91' lang='lat' dir='ltr'><strong>arbitrium;</strong></span> <span class='ocrx_word' id='word_1_153' title='bbox 634 2815 820 2879; x_wconf 88' lang='lat' dir='ltr'><strong>transactis</strong></span> <span class='ocrx_word' id='word_1_154' title='bbox 850 2815 941 2878; x_wconf 92' lang='lat' dir='ltr'><strong>enim</strong></span> <span class='ocrx_word' id='word_1_155' title='bbox 970 2815 1040 2879; x_wconf 89' lang='lat' dir='ltr'><strong>illis</strong></span> <span class='ocrx_word' id='word_1_156' title='bbox 1066 2815 1212 2897; x_wconf 82' lang='lat' dir='ltr'><strong>triginta</strong></span> <span class='ocrx_word' id='word_1_157' title='bbox 1238 2818 1348 2880; x_wconf 90' lang='lat' dir='ltr'><strong>tribus</strong></span> 
     </span>
     <span class='ocr_line' id='line_1_25' title="bbox 397 2915 1347 2996; baseline 0.001 -18"><span class='ocrx_word' id='word_1_158' title='bbox 397 2916 509 2992; x_wconf 73' lang='lat' dir='ltr'><strong>anniS,</strong></span> <span class='ocrx_word' id='word_1_159' title='bbox 539 2915 629 2978; x_wconf 90' lang='lat' dir='ltr'><strong>hanc</strong></span> <span class='ocrx_word' id='word_1_160' title='bbox 658 2915 763 2978; x_wconf 91' lang='lat' dir='ltr'><strong>etiam</strong></span> <span class='ocrx_word' id='word_1_161' title='bbox 795 2915 970 2996; x_wconf 82' lang='lat' dir='ltr'><strong>regionem</strong></span> <span class='ocrx_word' id='word_1_162' title='bbox 997 2933 1076 2977; x_wconf 91' lang='lat' dir='ltr'><strong>cum</strong></span> <span class='ocrx_word' id='word_1_163' title='bbox 1099 2916 1234 2979; x_wconf 83' lang='lat' dir='ltr'><strong>caeteris</strong></span> <span class='ocrx_word' id='word_1_164' title='bbox 1257 2917 1347 2979; x_wconf 90' lang='lat' dir='ltr'><strong>obti-</strong></span> 
     </span>
     <span class='ocr_line' id='line_1_26' title="bbox 395 3008 1347 3094; baseline 0.001 -18"><span class='ocrx_word' id='word_1_165' title='bbox 395 3015 472 3077; x_wconf 90' lang='lat' dir='ltr'><strong>nuit</strong></span> <span class='ocrx_word' id='word_1_166' title='bbox 489 3008 766 3094; x_wconf 71' lang='lat' dir='ltr'><strong>rex⁴Egbertus,</strong></span> <span class='ocrx_word' id='word_1_167' title='bbox 783 3033 874 3078; x_wconf 90' lang='lat' dir='ltr'><strong>anno</strong></span> <span class='ocrx_word' id='word_1_168' title='bbox 890 3014 1084 3078; x_wconf 88' lang='lat' dir='ltr'><strong>Dominicae</strong></span> <span class='ocrx_word' id='word_1_169' title='bbox 1101 3014 1347 3079; x_wconf 89' lang='lat' dir='ltr'><strong>incarnationis</strong></span> 
     </span>
     <span class='ocr_line' id='line_1_27' title="bbox 394 3113 1348 3195; baseline 0.002 -18"><span class='ocrx_word' id='word_1_170' title='bbox 394 3113 681 3194; x_wconf 84' lang='lat' dir='ltr'><strong>octingentesimo</strong></span> <span class='ocrx_word' id='word_1_171' title='bbox 702 3113 867 3177; x_wconf 88' lang='lat' dir='ltr'><strong>vicesimo</strong></span> <span class='ocrx_word' id='word_1_172' title='bbox 897 3114 1057 3195; x_wconf 88' lang='lat' dir='ltr'><strong>septimo,</strong></span> <span class='ocrx_word' id='word_1_173' title='bbox 1084 3115 1182 3194; x_wconf 80' lang='lat' dir='ltr'><strong>regni</strong></span> <span class='ocrx_word' id='word_1_174' title='bbox 1214 3116 1268 3178; x_wconf 88' lang='lat' dir='ltr'><strong>sui</strong></span> <span class='ocrx_word' id='word_1_175' title='bbox 1296 3116 1348 3179; x_wconf 90' lang='lat' dir='ltr'><strong>vi-</strong></span> 
     </span>
     <span class='ocr_line' id='line_1_28' title="bbox 394 3212 1346 3298; baseline 0.002 -23"><span class='ocrx_word' id='word_1_176' title='bbox 394 3213 522 3276; x_wconf 89' lang='lat' dir='ltr'><strong>cesimo</strong></span> <span class='ocrx_word' id='word_1_177' title='bbox 539 3219 683 3276; x_wconf 85' lang='lat' dir='ltr'><strong>octavo:</strong></span> <span class='ocrx_word' id='word_1_178' title='bbox 703 3212 803 3296; x_wconf 89' lang='lat' dir='ltr'><strong>cujus</strong></span> <span class='ocrx_word' id='word_1_179' title='bbox 821 3212 904 3295; x_wconf 91' lang='lat' dir='ltr'><strong>quia</strong></span> <span class='ocrx_word' id='word_1_180' title='bbox 918 3220 1055 3295; x_wconf 91' lang='lat' dir='ltr'><strong>tempus</strong></span> <span class='ocrx_word' id='word_1_181' title='bbox 1067 3213 1259 3294; x_wconf 80' lang='lat' dir='ltr'><strong>attigimus,</strong></span> <span class='ocrx_word' id='word_1_182' title='bbox 1271 3215 1346 3298; x_wconf 91' lang='lat' dir='ltr'><strong>jam</strong></span> 
     </span>
    </p>
   </div>
   <div class='ocr_carea' id='block_1_5' title="bbox 389 3419 1349 4325">
    <p class='ocr_par' dir='ltr' id='par_1_6' title="bbox 389 3419 1349 4325">
     <span class='ocr_line' id='line_1_29' title="bbox 429 3419 1348 3483; baseline -0.003 -10"><span class='ocrx_word' id='word_1_183' title='bbox 429 3420 513 3473; x_wconf 83' lang='lat' dir='ltr'><strong>¹Post</strong></span> <span class='ocrx_word' id='word_1_184' title='bbox 534 3423 692 3472; x_wconf 81' lang='lat' dir='ltr'><strong>Ethelredum</strong></span> <span class='ocrx_word' id='word_1_185' title='bbox 718 3423 800 3470; x_wconf 71' lang='lat' dir='ltr'><strong>nullus</strong></span> <span class='ocrx_word' id='word_1_186' title='bbox 826 3423 858 3469; x_wconf 84' lang='lat' dir='ltr'><strong>ad</strong></span> <span class='ocrx_word' id='word_1_187' title='bbox 883 3421 926 3469; x_wconf 85' lang='lat' dir='ltr'><strong>the</strong></span> <span class='ocrx_word' id='word_1_188' title='bbox 939 3419 1348 3483; x_wconf 77' lang='lat' dir='ltr'><strong>influenceosthrlemagne,he</strong></span> 
     </span>
     <span class='ocr_line' id='line_1_30' title="bbox 390 3490 1347 3556; baseline -0.001 -14"><span class='ocrx_word' id='word_1_189' title='bbox 390 3509 492 3556; x_wconf 77' lang='lat' dir='ltr'><strong>regnum</strong></span> <span class='ocrx_word' id='word_1_190' title='bbox 512 3497 638 3544; x_wconf 76' lang='lat' dir='ltr'><strong>ascendere</strong></span> <span class='ocrx_word' id='word_1_191' title='bbox 658 3492 754 3555; x_wconf 61' lang='lat' dir='ltr'><strong>casm]</strong></span> <span class='ocrx_word' id='word_1_192' title='bbox 786 3491 860 3540; x_wconf 74' lang='lat' dir='ltr'><strong>After</strong></span> <span class='ocrx_word' id='word_1_193' title='bbox 884 3504 939 3539; x_wconf 74' lang='lat' dir='ltr'><strong>was</strong></span> <span class='ocrx_word' id='word_1_194' title='bbox 947 3490 1140 3539; x_wconf 87' lang='lat' dir='ltr'><strong>restoredtohis</strong></span> <span class='ocrx_word' id='word_1_195' title='bbox 1148 3490 1268 3552; x_wconf 80' lang='lat' dir='ltr'><strong>kingdom</strong></span> <span class='ocrx_word' id='word_1_196' title='bbox 1277 3491 1347 3542; x_wconf 80' lang='lat' dir='ltr'><strong>AJ).</strong></span> 
     </span>
     <span class='ocr_line' id='line_1_31' title="bbox 394 3559 1346 3624; baseline 0 -13"><span class='ocrx_word' id='word_1_197' title='bbox 394 3564 437 3613; x_wconf 87' lang='lat' dir='ltr'><strong>the</strong></span> <span class='ocrx_word' id='word_1_198' title='bbox 452 3565 528 3614; x_wconf 84' lang='lat' dir='ltr'><strong>death</strong></span> <span class='ocrx_word' id='word_1_199' title='bbox 543 3564 572 3613; x_wconf 85' lang='lat' dir='ltr'><strong>oi</strong></span> <span class='ocrx_word' id='word_1_200' title='bbox 585 3562 750 3612; x_wconf 86' lang='lat' dir='ltr'><strong>Aethelberht</strong></span> <span class='ocrx_word' id='word_1_201' title='bbox 762 3562 788 3610; x_wconf 92' lang='lat' dir='ltr'><strong>in</strong></span> <span class='ocrx_word' id='word_1_202' title='bbox 799 3566 858 3624; x_wconf 75' lang='lat'><strong>796,</strong></span> <span class='ocrx_word' id='word_1_203' title='bbox 883 3565 941 3610; x_wconf 79' lang='grc'><strong>808.</strong></span> <span class='ocrx_word' id='word_1_204' title='bbox 964 3561 1011 3609; x_wconf 88' lang='lat' dir='ltr'><strong>See</strong></span> <span class='ocrx_word' id='word_1_205' title='bbox 1020 3560 1120 3608; x_wconf 88' lang='lat' dir='ltr'><strong>Simeon</strong></span> <span class='ocrx_word' id='word_1_206' title='bbox 1127 3559 1157 3608; x_wconf 83' lang='lat' dir='ltr'><strong>oi</strong></span> <span class='ocrx_word' id='word_1_207' title='bbox 1164 3560 1290 3622; x_wconf 78' lang='lat' dir='ltr'><strong>Durham,</strong></span> <span class='ocrx_word' id='word_1_208' title='bbox 1298 3562 1346 3612; x_wconf 88' lang='lat' dir='ltr'><strong>col.</strong></span> 
     </span>
     <span class='ocr_line' id='line_1_32' title="bbox 392 3629 1347 3697; baseline -0.003 -14"><span class='ocrx_word' id='word_1_209' title='bbox 392 3634 512 3697; x_wconf 81' lang='lat' dir='ltr'><strong>Oswald,</strong></span> <span class='ocrx_word' id='word_1_210' title='bbox 528 3649 544 3682; x_wconf 85' lang='lat' dir='ltr'><strong>a</strong></span> <span class='ocrx_word' id='word_1_211' title='bbox 558 3633 758 3683; x_wconf 85' lang='lat' dir='ltr'><strong>Nerthumbrian</strong></span> <span class='ocrx_word' id='word_1_212' title='bbox 774 3632 857 3692; x_wconf 88' lang='lat' dir='ltr'><strong>noble,</strong></span> <span class='ocrx_word' id='word_1_213' title='bbox 884 3634 942 3691; x_wconf 75' lang='lat'><strong>117,</strong></span> <span class='ocrx_word' id='word_1_214' title='bbox 959 3630 1009 3678; x_wconf 83' lang='lat' dir='ltr'><strong>and</strong></span> <span class='ocrx_word' id='word_1_215' title='bbox 1027 3629 1168 3692; x_wconf 75' lang='lat' dir='ltr'><strong>Eginhardi</strong></span> <span class='ocrx_word' id='word_1_216' title='bbox 1184 3630 1307 3694; x_wconf 82' lang='lat' dir='ltr'><strong>Annales,</strong></span> <span class='ocrx_word' id='word_1_217' title='bbox 1321 3632 1347 3679; x_wconf 91' lang='lat' dir='ltr'><strong>in</strong></span> 
     </span>
     <span class='ocr_line' id='line_1_33' title="bbox 392 3700 1255 3761; baseline -0.001 -11"><span class='ocrx_word' id='word_1_218' title='bbox 392 3715 448 3750; x_wconf 85' lang='lat' dir='ltr'><strong>was</strong></span> <span class='ocrx_word' id='word_1_219' title='bbox 460 3703 553 3752; x_wconf 85' lang='lat' dir='ltr'><strong>chosen</strong></span> <span class='ocrx_word' id='word_1_220' title='bbox 572 3707 598 3750; x_wconf 90' lang='lat' dir='ltr'><strong>to</strong></span> <span class='ocrx_word' id='word_1_221' title='bbox 611 3702 720 3752; x_wconf 87' lang='lat' dir='ltr'><strong>succeed</strong></span> <span class='ocrx_word' id='word_1_222' title='bbox 733 3701 800 3749; x_wconf 86' lang='lat' dir='ltr'><strong>him:</strong></span> <span class='ocrx_word' id='word_1_223' title='bbox 824 3701 856 3749; x_wconf 91' lang='lat' dir='ltr'><strong>he</strong></span> <span class='ocrx_word' id='word_1_224' title='bbox 883 3700 1031 3760; x_wconf 84' lang='lat' dir='ltr'><strong>Duchesue,</strong></span> <span class='ocrx_word' id='word_1_225' title='bbox 1042 3704 1102 3750; x_wconf 85' lang='lat' dir='ltr'><strong>tom.</strong></span> <span class='ocrx_word' id='word_1_226' title='bbox 1114 3712 1144 3748; x_wconf 87' lang='lat'><strong>11.</strong></span> <span class='ocrx_word' id='word_1_227' title='bbox 1156 3715 1183 3761; x_wconf 91' lang='lat' dir='ltr'><strong>p.</strong></span> <span class='ocrx_word' id='word_1_228' title='bbox 1197 3703 1255 3749; x_wconf 73' lang='lat'><strong>256.</strong></span> 
     </span>
     <span class='ocr_line' id='line_1_34' title="bbox 390 3767 1349 3832; baseline -0.001 -12"><span class='ocrx_word' id='word_1_229' title='bbox 390 3771 452 3820; x_wconf 88' lang='lat' dir='ltr'><strong>held</strong></span> <span class='ocrx_word' id='word_1_230' title='bbox 463 3772 505 3821; x_wconf 82' lang='lat' dir='ltr'><strong>the</strong></span> <span class='ocrx_word' id='word_1_231' title='bbox 518 3772 605 3820; x_wconf 88' lang='lat' dir='ltr'><strong>throne</strong></span> <span class='ocrx_word' id='word_1_232' title='bbox 618 3772 663 3820; x_wconf 87' lang='lat' dir='ltr'><strong>bnt</strong></span> <span class='ocrx_word' id='word_1_233' title='bbox 673 3775 855 3831; x_wconf 84' lang='lat' dir='ltr'><strong>twenty-seven</strong></span> <span class='ocrx_word' id='word_1_234' title='bbox 916 3767 1091 3832; x_wconf 55' lang='lat' dir='ltr'><strong>&#39;Prouinciuq</strong></span> <span class='ocrx_word' id='word_1_235' title='bbox 1119 3769 1154 3818; x_wconf 89' lang='lat' dir='ltr'><strong>D.</strong></span> <span class='ocrx_word' id='word_1_236' title='bbox 1167 3771 1201 3817; x_wconf 83' lang='lat' dir='ltr'><strong>E.</strong></span> <span class='ocrx_word' id='word_1_237' title='bbox 1212 3771 1252 3819; x_wconf 90' lang='lat' dir='ltr'><strong>M.</strong></span> <span class='ocrx_word' id='word_1_238' title='bbox 1259 3783 1268 3830; x_wconf 91' lang='lat'>;</span> <span class='ocrx_word' id='word_1_239' title='bbox 1291 3785 1349 3832; x_wconf 85' lang='lat' dir='ltr'><strong>pro-</strong></span> 
     </span>
     <span class='ocr_line' id='line_1_35' title="bbox 392 3838 1201 3903; baseline -0.002 -13"><span class='ocrx_word' id='word_1_240' title='bbox 392 3842 467 3903; x_wconf 77' lang='lat' dir='ltr'><strong>duyn,</strong></span> <span class='ocrx_word' id='word_1_241' title='bbox 477 3842 552 3891; x_wconf 84' lang='lat' dir='ltr'><strong>when</strong></span> <span class='ocrx_word' id='word_1_242' title='bbox 563 3841 594 3890; x_wconf 90' lang='lat' dir='ltr'><strong>he</strong></span> <span class='ocrx_word' id='word_1_243' title='bbox 608 3855 660 3890; x_wconf 78' lang='lat' dir='ltr'><strong>was</strong></span> <span class='ocrx_word' id='word_1_244' title='bbox 671 3841 793 3901; x_wconf 85' lang='lat' dir='ltr'><strong>deposed,</strong></span> <span class='ocrx_word' id='word_1_245' title='bbox 804 3841 855 3888; x_wconf 86' lang='lat' dir='ltr'><strong>and</strong></span> <span class='ocrx_word' id='word_1_246' title='bbox 879 3840 964 3888; x_wconf 83' lang='lat' dir='ltr'><strong>vincia</strong></span> <span class='ocrx_word' id='word_1_247' title='bbox 973 3840 1027 3900; x_wconf 84' lang='lat' dir='ltr'><strong>illa,</strong></span> <span class='ocrx_word' id='word_1_248' title='bbox 1038 3838 1071 3889; x_wconf 76' lang='lat' dir='ltr'><strong>A.</strong></span> <span class='ocrx_word' id='word_1_249' title='bbox 1084 3840 1113 3888; x_wconf 82' lang='lat' dir='ltr'><strong>S.</strong></span> <span class='ocrx_word' id='word_1_250' title='bbox 1127 3841 1157 3888; x_wconf 82' lang='lat'><strong>0.</strong></span> <span class='ocrx_word' id='word_1_251' title='bbox 1169 3839 1201 3888; x_wconf 87' lang='lat' dir='ltr'><strong>L.</strong></span> 
     </span>
     <span class='ocr_line' id='line_1_36' title="bbox 391 3907 1347 3973; baseline -0.002 -13"><span class='ocrx_word' id='word_1_252' title='bbox 391 3912 441 3962; x_wconf 79' lang='lat' dir='ltr'><strong>ded</strong></span> <span class='ocrx_word' id='word_1_253' title='bbox 456 3917 481 3962; x_wconf 85' lang='lat' dir='ltr'><strong>to</strong></span> <span class='ocrx_word' id='word_1_254' title='bbox 493 3911 662 3973; x_wconf 83' lang='lat' dir='ltr'><strong>Lindisfarne,</strong></span> <span class='ocrx_word' id='word_1_255' title='bbox 672 3911 757 3960; x_wconf 82' lang='lat' dir='ltr'><strong>where</strong></span> <span class='ocrx_word' id='word_1_256' title='bbox 768 3911 800 3959; x_wconf 92' lang='lat' dir='ltr'><strong>he</strong></span> <span class='ocrx_word' id='word_1_257' title='bbox 812 3911 855 3959; x_wconf 86' lang='lat' dir='ltr'><strong>he·</strong></span> <span class='ocrx_word' id='word_1_258' title='bbox 904 3907 991 3973; x_wconf 70' lang='lat' dir='ltr'><strong>&#39;’la]</strong></span> <span class='ocrx_word' id='word_1_259' title='bbox 1016 3909 1052 3958; x_wconf 90' lang='lat' dir='ltr'><strong>D.</strong></span> <span class='ocrx_word' id='word_1_260' title='bbox 1071 3909 1104 3958; x_wconf 89' lang='grc' dir='ltr'><strong>Ε.</strong></span> <span class='ocrx_word' id='word_1_261' title='bbox 1124 3908 1179 3968; x_wconf 84' lang='grc' dir='ltr'><strong>Μ.;</strong></span> <span class='ocrx_word' id='word_1_262' title='bbox 1206 3923 1288 3970; x_wconf 87' lang='lat' dir='ltr'><strong>usque</strong></span> <span class='ocrx_word' id='word_1_263' title='bbox 1311 3910 1347 3972; x_wconf 90' lang='lat' dir='ltr'><strong>in,</strong></span> 
     </span>
     <span class='ocr_line' id='line_1_37' title="bbox 389 3979 1045 4044; baseline -0.006 -12"><span class='ocrx_word' id='word_1_264' title='bbox 389 3984 552 4033; x_wconf 81' lang='lat' dir='ltr'><strong>uamenbbot.</strong></span> <span class='ocrx_word' id='word_1_265' title='bbox 569 3980 855 4044; x_wconf 78' lang='lat' dir='ltr'><strong>Thegovernmeutthen</strong></span> <span class='ocrx_word' id='word_1_266' title='bbox 880 3979 913 4029; x_wconf 79' lang='lat' dir='ltr'><strong>A.</strong></span> <span class='ocrx_word' id='word_1_267' title='bbox 928 3979 957 4029; x_wconf 82' lang='lat' dir='ltr'><strong>S.</strong></span> <span class='ocrx_word' id='word_1_268' title='bbox 971 3981 1001 4028; x_wconf 82' lang='lat' dir='ltr'><strong>C.</strong></span> <span class='ocrx_word' id='word_1_269' title='bbox 1013 3979 1045 4028; x_wconf 88' lang='lat' dir='ltr'><strong>L.</strong></span> 
     </span>
     <span class='ocr_line' id='line_1_38' title="bbox 390 4047 1348 4111; baseline -0.004 -11"><span class='ocrx_word' id='word_1_270' title='bbox 390 4052 514 4102; x_wconf 85' lang='lat' dir='ltr'><strong>devolved</strong></span> <span class='ocrx_word' id='word_1_271' title='bbox 528 4067 560 4101; x_wconf 92' lang='lat' dir='ltr'><strong>on</strong></span> <span class='ocrx_word' id='word_1_272' title='bbox 576 4051 712 4111; x_wconf 82' lang='lat' dir='ltr'><strong>Earduulf,</strong></span> <span class='ocrx_word' id='word_1_273' title='bbox 725 4051 784 4099; x_wconf 88' lang='lat' dir='ltr'><strong>who</strong></span> <span class='ocrx_word' id='word_1_274' title='bbox 799 4065 855 4098; x_wconf 85' lang='lat' dir='ltr'><strong>was</strong></span> <span class='ocrx_word' id='word_1_275' title='bbox 915 4047 1069 4110; x_wconf 78' lang='lat' dir='ltr'><strong>⁴Egbertas,</strong></span> <span class='ocrx_word' id='word_1_276' title='bbox 1080 4062 1142 4095; x_wconf 75' lang='lat' dir='ltr'><strong>anno</strong></span> <span class='ocrx_word' id='word_1_277' title='bbox 1157 4047 1293 4096; x_wconf 76' lang='lat' dir='ltr'><strong>Dominiroe</strong></span> <span class='ocrx_word' id='word_1_278' title='bbox 1309 4049 1348 4096; x_wconf 80' lang='lat' dir='ltr'><strong>in·</strong></span> 
     </span>
     <span class='ocr_line' id='line_1_39' title="bbox 389 4117 1348 4180; baseline -0.004 -10"><span class='ocrx_word' id='word_1_279' title='bbox 389 4123 554 4171; x_wconf 86' lang='lat' dir='ltr'><strong>consecrated</strong></span> <span class='ocrx_word' id='word_1_280' title='bbox 564 4137 596 4171; x_wconf 91' lang='lat' dir='ltr'><strong>on</strong></span> <span class='ocrx_word' id='word_1_281' title='bbox 609 4123 651 4170; x_wconf 87' lang='lat' dir='ltr'><strong>the</strong></span> <span class='ocrx_word' id='word_1_282' title='bbox 662 4121 723 4170; x_wconf 79' lang='lat' dir='ltr'><strong>srth</strong></span> <span class='ocrx_word' id='word_1_283' title='bbox 737 4120 767 4169; x_wconf 87' lang='lat' dir='ltr'><strong>oi</strong></span> <span class='ocrx_word' id='word_1_284' title='bbox 781 4121 853 4180; x_wconf 80' lang='lat' dir='ltr'><strong>May.</strong></span> <span class='ocrx_word' id='word_1_285' title='bbox 879 4119 1027 4168; x_wconf 69' lang='lat' dir='ltr'><strong>ornationis</strong></span> <span class='ocrx_word' id='word_1_286' title='bbox 1034 4117 1348 4178; x_wconf 67' lang='lat' dir='ltr'><strong>oebngentesimooicest&#39;mo</strong></span> 
     </span>
     <span class='ocr_line' id='line_1_40' title="bbox 391 4187 1347 4252; baseline -0.001 -14"><span class='ocrx_word' id='word_1_287' title='bbox 391 4189 466 4240; x_wconf 77' lang='lat' dir='ltr'><strong>After</strong></span> <span class='ocrx_word' id='word_1_288' title='bbox 480 4207 496 4239; x_wconf 84' lang='lat' dir='ltr'><strong>a</strong></span> <span class='ocrx_word' id='word_1_289' title='bbox 507 4191 558 4240; x_wconf 80' lang='lat' dir='ltr'><strong>few</strong></span> <span class='ocrx_word' id='word_1_290' title='bbox 570 4192 651 4252; x_wconf 80' lang='lat' dir='ltr'><strong>years’</strong></span> <span class='ocrx_word' id='word_1_291' title='bbox 667 4192 738 4252; x_wconf 77' lang='lat' dir='ltr'><strong>reign</strong></span> <span class='ocrx_word' id='word_1_292' title='bbox 752 4190 784 4238; x_wconf 87' lang='lat' dir='ltr'><strong>he</strong></span> <span class='ocrx_word' id='word_1_293' title='bbox 799 4203 854 4237; x_wconf 81' lang='lat' dir='ltr'><strong>was</strong></span> <span class='ocrx_word' id='word_1_294' title='bbox 879 4189 988 4251; x_wconf 79' lang='lat' dir='ltr'><strong>septimo,</strong></span> <span class='ocrx_word' id='word_1_295' title='bbox 999 4187 1237 4249; x_wconf 78' lang='lat' dir='ltr'><strong>regnisuim&#39;cesimo</strong></span> <span class='ocrx_word' id='word_1_296' title='bbox 1244 4188 1347 4252; x_wconf 77' lang='lat' dir='ltr'><strong>octova]</strong></span> 
     </span>
     <span class='ocr_line' id='line_1_41' title="bbox 390 4255 1118 4325; baseline -0.001 -17"><span class='ocrx_word' id='word_1_297' title='bbox 390 4260 574 4309; x_wconf 81' lang='lat' dir='ltr'><strong>alsobnuished</strong></span> <span class='ocrx_word' id='word_1_298' title='bbox 582 4257 745 4325; x_wconf 79' lang='lat' dir='ltr'><strong>(A.D.soo);</strong></span> <span class='ocrx_word' id='word_1_299' title='bbox 758 4259 854 4322; x_wconf 83' lang='lat' dir='ltr'><strong>but‚by</strong></span> <span class='ocrx_word' id='word_1_300' title='bbox 880 4259 928 4307; x_wconf 84' lang='lat' dir='ltr'><strong>See</strong></span> <span class='ocrx_word' id='word_1_301' title='bbox 939 4263 997 4307; x_wconf 88' lang='lat' dir='ltr'><strong>note</strong></span> <span class='ocrx_word' id='word_1_302' title='bbox 1008 4255 1028 4322; x_wconf 80' lang='lat'><strong>³,</strong></span> <span class='ocrx_word' id='word_1_303' title='bbox 1038 4273 1065 4319; x_wconf 93' lang='lat' dir='ltr'><strong>p.</strong></span> <span class='ocrx_word' id='word_1_304' title='bbox 1076 4259 1118 4308; x_wconf 82' lang='lat'><strong>6⁰.</strong></span> 
     </span>
    </p>
   </div>
   <div class='ocr_carea' id='block_1_6' title="bbox 0 0 1588 4972">
    <p class='ocr_par' dir='ltr' id='par_1_7' title="bbox 0 0 1588 4972">
     <span class='ocr_line' id='line_1_42' title="bbox 0 0 1588 4972; baseline 0 0"><span class='ocrx_word' id='word_1_305' title='bbox 0 0 1588 4972; x_wconf 95' lang='lat' dir='ltr'><strong> </strong></span> 
     </span>
    </p>
   </div>
  </div>
 </body>
</html>
