3162 4972
270 479 339 527 nm.
355 463 398 544 13]
495 477 609 527 cnsrn
633 479 761 527 uncum
785 478 999 528 suenorum,
1159 467 1224 531 115

268 636 321 718 git
334 634 578 718 sapientiam;'’
614 624 711 715 Ideo,
727 635 776 700 fili
795 637 983 716 carissime,
1001 638 1223 703 ostendentes

269 736 452 799 consilium
484 735 634 818 justum,
665 743 901 800 contestamur
934 743 969 799 et
1002 738 1223 802 obsecramus

269 855 332 917 per
356 836 531 900 viventem
556 835 682 912 Deum,
713 843 748 899 et
774 855 835 917 per
860 836 969 900 filium
994 837 1071 919 ejus
1100 836 1123 900 J
1126 857 1223 902 esum

271 933 461 1011 Christum,
473 942 509 998 et
517 954 580 1016 per
595 934 763 1017 Spiritum
781 935 961 1014 Sanctum,
977 943 1019 1000 ut
1033 937 1223 1001 recorderis

270 1053 376 1117 quam
393 1034 543 1116 fugitiva
565 1035 612 1098 sit
633 1035 707 1100 vita
728 1054 882 1117 praesens
904 1043 940 1099 et
965 1055 1071 1118 quam
1095 1037 1222 1114 brevis,

270 1141 306 1198 et
331 1153 437 1216 quam
463 1140 704 1197 momentanea
730 1135 914 1198 delectatio
939 1154 1074 1218 spurcae
1096 1137 1222 1213 carnis,

270 1241 306 1298 et
333 1252 438 1316 quam
461 1233 729 1314 ignominiosum
752 1235 800 1298 sit
821 1242 860 1299 ut
882 1236 997 1298 brevis
1018 1236 1103 1300 vitae
1120 1236 1222 1300 homo

271 1333 364 1396 mala
389 1333 550 1415 exempla
566 1333 606 1398 in
631 1341 837 1417 perpetuum
863 1335 1011 1417 posteris
1036 1335 1221 1418 relinquat.

271 1432 393 1514 Incipe
409 1452 493 1513 ergo
508 1432 708 1496 melioribus
721 1434 874 1497 moribus
883 1435 991 1497 vitam
1006 1453 1223 1517 componere,

270 1539 305 1596 et
321 1532 516 1614 praeteritos
539 1551 671 1596 errores
688 1533 886 1615 juventutis
908 1534 1092 1615 corrigere,
1110 1541 1151 1597 ut
1167 1517 1222 1597 hic

271 1651 388 1720 coram
419 1632 615 1696 hominibus
645 1633 783 1696 laudem
813 1632 953 1708 habeas,
983 1635 1079 1696 etin
1104 1634 1222 1698 futuro

271 1739 402 1795 aeterna
433 1733 545 1812 gloria
583 1732 749 1812 gaudeas,
818 1732 948 1797 Valere
984 1733 1222 1797 celsitudinem

270 1839 380 1908 tuam,
396 1833 482 1895 etin
499 1831 599 1895 bonis
617 1832 770 1895 moribus
786 1831 963 1915 proficere,
981 1833 1167 1915 optamus.'
1251 1905 1253 1914 A

322 1930 412 2014 §82
445 1930 565 2014 Hujus
591 1931 748 2013 epistolae
774 1938 1008 2013 competentes
1032 1931 1222 2014 particulas
1234 1947 1335 1988 Bonnam

271 2031 352 2094 huic
377 2031 494 2094 libello
516 2050 579 2113 pro
601 2051 715 2094 rerum
733 2033 859 2095 notitia
875 2028 980 2109 insui,
997 2033 1124 2114 partim
1140 2052 1221 2096 auc·
1233 1999 1386 2098 Ῐῖἰοῗῧίἷῖιῗρω

270 2132 357 2194 toris
383 2131 510 2207 verbis,
533 2131 660 2212 partim
683 2132 781 2208 meiS,
807 2131 931 2212 longas
957 2133 1159 2207 sententias,
1183 2139 1222 2195 ut
1234 2099 1343 2139 cumaea.

271 2230 466 2308 videbatur,
489 2230 716 2306 abbrevians:
752 2231 855 2313 cujus
883 2230 968 2294 facti
994 2251 1063 2295 non
1092 2231 1222 2315 injuste

270 2331 409 2393 veniam
433 2331 602 2412 paciscar,
630 2331 714 2412 quia
738 2330 782 2392 ad
807 2330 960 2395 historiae
987 2331 1141 2395 ordinem
1157 2330 1223 2394 ses-

270 2430 463 2494 tinantibus
479 2428 664 2494 velocitate
686 2429 847 2494 dictionis
869 2430 1117 2494 consulendum
1135 2437 1221 2495 erat.

273 2527 384 2593 Porro
408 2529 503 2592 misit
527 2529 619 2592 idem
644 2529 846 2593 Bonifacius
865 2523 1077 2593 ¹Cuthberto
1091 2529 1223 2594 archie-

271 2629 414 2712 piscopo
431 2629 586 2712 ejusdem
603 2629 733 2692 tenoris
750 2629 945 2710 epistolam,
962 2629 1028 2692 boc
1045 2629 1223 2712 adjiciens

271 2735 311 2792 ut
341 2729 483 2792 clericos
518 2735 553 2791 et
595 2728 875 2792 sanctimoniales
913 2728 955 2790 de
988 2729 1158 2793 tenuitate
1188 2737 1224 2792 et

271 2847 399 2911 pompa
427 2829 577 2893 vestium
608 2834 781 2908 argueret.
836 2827 1023 2904 Praeterea,
1053 2846 1096 2890 ne
1119 2828 1224 2890 mira·

271 2935 367 2992 retur
393 2928 486 3010 quod
513 2928 663 2991 alienum
690 2929 867 3008 negotium
896 2934 1026 3010 ageret,
1055 2946 1134 2990 cum
1159 2946 1224 2990 sua

271 3027 357 3091 nihil
397 3028 581 3092 interesset
619 3028 792 3110 quomodo
832 3035 867 3092 et
905 3029 1033 3110 quibus
1070 3027 1223 3090 moribus

271 3124 467 3208 Anglorum
496 3146 581 3208 gens
611 3128 756 3205 viveret,
792 3128 896 3192 sciret
927 3147 965 3191 se
998 3147 1020 3190 a
1053 3125 1225 3208 Gregorio

271 3245 363 3309 papa
389 3228 492 3291 tertio
519 3234 736 3291 sacramento
761 3228 942 3291 astrictum
968 3246 1011 3290 ne
1040 3227 1223 3290 contermi-

271 3347 395 3390 narum
429 3327 585 3407 gentium
617 3346 729 3389 mores
756 3327 958 3408 apostolicae
985 3325 1119 3389 notitiae
1144 3326 1225 3389 sub·

270 3426 444 3504 traheret;
462 3432 686 3508 quapropter,
696 3425 832 3488 blandis
848 3424 1141 3487 admonitionibus
1155 3444 1224 3487 non

272 3525 548 3602 succedentibus,
582 3532 742 3588 acturum
777 3543 815 3586 se
839 3542 883 3585 ne
912 3521 1110 3605 hujusmodi
1138 3523 1226 3585 vitia

271 3642 400 3705 papam
431 3623 591 3687 laterent.
660 3622 751 3686 Sane
788 3622 830 3684 de
868 3622 1037 3685 tenuitate
1075 3621 1225 3686 vestium

272 3721 484 3786 clericalium
514 3716 712 3785 ²Alcwinus
744 3718 957 3785 Adelardum
996 3721 1226 3802 archiepisco·

271 3842 367 3905 pum,
402 3839 637 3886 successorem
664 3819 859 3898 Gutbberti,
889 3820 1028 3901 oblique
1062 3822 1225 3900 castigat,

307 4063 316 4094 ¹
331 4063 464 4113 Cutbberto
474 4062 650 4125 archiepiscopo
671 4099 677 4114 .
691 4098 698 4112 .
710 4097 717 4112 .
731 4098 738 4112 .
763 4063 814 4112 vol.
827 4075 845 4111 1.
858 4077 884 4122 p.
893 4065 925 4109 9⁰
935 4077 942 4120 3
954 4058 1037 4109 andin
1045 4059 1140 4121 Spelm.
1149 4059 1227 4110 Cone.

271 4133 418 4199 epistolum]
446 4134 499 4181 'l'be
518 4134 592 4181 letter
610 4137 636 4180 to
659 4131 740 4182 Guth—
763 4133 813 4181 vol.
827 4145 844 4181 1.
860 4147 886 4192 p.
898 4135 956 4180 23⁷.

270 4206 335 4267 bert,
354 4203 505 4264 archbishop
524 4203 553 4251 of
572 4203 739 4264 Canterbury,
799 4199 966 4263 ²illuminas]
990 4200 1037 4249 See
1055 4199 1158 4249 Alcuin.
1177 4200 1228 4260 Op.

272 4275 295 4323 ie
314 4274 414 4336 printed
433 4275 459 4322 in
470 4273 603 4322 Wilkins’s
615 4272 739 4336 Concilia,
763 4277 822 4322 tom.
833 4285 851 4321 1.
860 4287 886 4332 p.
896 4275 938 4333 84,
945 4272 1019 4332 epist.
1029 4283 1103 4332 urin,
1112 4274 1169 4318 note
1178 4269 1228 4336 (b).

1086 4367 1123 4412 12
