3162 4972
254 775 569 860 WILLELMI
600 776 1152 862 MALMESBIRIENSIS

374 991 432 1049 DE
453 990 597 1050 GESTIS
620 989 774 1050 REGUM
797 991 1043 1052 ANGLORUM

544 1171 655 1223 LIBER
672 1172 870 1222 SECUNDUS.

462 1475 598 1523 INCIPIT
623 1475 730 1522 LIBER
753 1473 954 1524 SECUNDUS.

250 1672 274 1727 3
320 1692 466 1751 7⁸5³
483 1694 497 1747 ς
543 1638 793 1704 UPERIORI
809 1641 976 1705 volumini
993 1641 1185 1710 hictermi-
1200 1668 1310 1728 nogaria

252 1720 260 1765 l
563 1759 628 1802 nus
650 1741 802 1816 obvenit,
824 1741 884 1821 qui
905 1748 1056 1823 quatuor
1078 1719 1293 1823 regnalillall.

249 1886 258 1911 i
482 1842 507 1897 l’
564 1839 755 1902 Britanniae
781 1840 817 1901 in
845 1859 950 1902 unum
982 1848 1184 1906 coarctaret.

245 1952 296 2025 gc*
334 1969 382 2019 q..
459 1926 469 1949 ⁵
559 1937 673 2021 'Cujus
687 1939 852 2021 potentiae
869 1946 990 2003 auctor
1005 1933 1185 2021 ¹Egbirht·

267 2112 271 2119 .
400 2068 441 2121 3
463 2040 475 2113 4'
562 2057 615 2114 ηε,
638 2038 730 2120 regis
752 2036 828 2101 Inae
844 2038 886 2102 de
901 2039 1006 2103 fratre
1026 2039 1185 2121 Inagildo
1284 2091 1286 2096 .

313 2162 457 2252 '5⁴5⁹
483 2166 502 2223 a
561 2138 725 2218 abnepos,
750 2138 866 2219 amplo
891 2138 982 2220 apud
1005 2158 1087 2202 suos
1108 2139 1185 2203 loco

302 2222 310 2239 ’
358 2230 364 2241 '
386 2224 482 2253 Μ
562 2243 678 2312 natuS,
692 2244 727 2300 et
739 2237 887 2317 ingenue
902 2238 1069 2301 educatus
1085 2257 1106 2300 a
1120 2258 1184 2318 pu-

229 2336 340 2412 eritia,
361 2337 452 2400 inter
467 2334 744 2400 West-Saxones
758 2336 906 2400 emicuit.
960 2336 1185 2403 Continuatio

230 2436 397 2500 virtutum
408 2436 561 2499 incendit
571 2434 757 2513 invidiam3
783 2435 1184 2518 et,quodfereanatura

230 2543 468 2618 comparatum
483 2541 589 2598 estut
606 2553 705 2615 reges
723 2534 841 2614 iniquo
863 2536 991 2598 intuitu
1013 2537 1184 2616 aspiciant

231 2635 261 2698 si
277 2655 364 2717 quos
381 2635 417 2698 in
431 2654 528 2717 spem
544 2634 643 2715 regni
657 2632 852 2695 adolescere
864 2633 1016 2710 videant,
1033 2621 1181 2697 Brihtri-

231 2754 304 2811 cuS,
317 2728 374 2798 ²ut
388 2733 591 2817 praedictum
606 2739 671 2808 est,
695 2739 892 2812 suspectum
906 2731 1036 2796 babens
1052 2752 1181 2796 memo·

230 2833 348 2898 randae
363 2833 488 2897 indolis
498 2833 675 2916 juvenem,
691 2830 836 2895 emedio
853 2831 975 2895 tollere
991 2833 1178 2912 cogitabat.

196 3006 202 3015 .
231 2932 335 3010 Quod
366 2931 556 3014 Egbirbtus
585 2930 823 3014 praesentiens,
854 2930 898 2994 ad
929 2930 1042 2993 Offam
1064 2952 1179 3013 regem

231 3031 440 3096 Merciorum
456 3032 540 3113 fuga
555 3031 675 3113 lapsus
687 3037 741 3094 est
754 3050 762 3109 3
778 3050 879 3112 quem
894 3029 976 3092 dum
991 3029 1049 3093 ille
1059 3031 1180 3096 sedula

230 3131 409 3213 diligentia
436 3132 667 3207 obumbraret,
696 3129 872 3194 consecuti
900 3127 982 3194 sunt
1015 3130 1180 3194 Brihtrici

230 3232 345 3294 nuncii
376 3231 435 3313 qui
459 3230 640 3313 perfugam
665 3228 708 3292 ad
735 3229 940 3312 supplicium
972 3237 1178 3310 repeterent,

229 3328 395 3394 habentes
421 3331 457 3392 in
486 3331 644 3393 manibus
674 3327 868 3393 traditionis
896 3329 1055 3410 pretium.
1106 3327 1178 3392 Ac-

228 3429 372 3492 cedebat
396 3428 488 3509 quod
513 3447 577 3491 suo
602 3427 676 3508 regi
701 3421 799 3490 ³filiae
820 3427 928 3509 ipsius
955 3427 1178 3506 postulabant
1190 3451 1244 3490 nn.
1255 3449 1299 3490 aa

228 3528 380 3608 nuptiae,
404 3534 443 3589 ut
465 3527 610 3606 genialis
633 3525 723 3588 thori
746 3523 859 3587 ioedns
883 3531 1068 3605 perpetuas
1090 3525 1180 3589 inter

228 3643 288 3688 eos
313 3625 503 3689 contineret
525 3624 706 3687 amicitiae.
760 3623 818 3686 Ita
845 3621 934 3697 Offa,
962 3623 1021 3704 qui
1047 3622 1179 3686 bellicis

227 3723 329 3787 minis
366 3742 435 3786 non
473 3722 619 3798 cederet,
656 3721 700 3784 ad
742 3720 926 3785 blanditias
961 3723 1179 3800 connivente,

263 3959 430 4023 ¹Egbirlrtus,
445 3958 514 4019 regis
527 3958 576 4006 Ince
593 3955 688 4016 defra-
714 3957 830 4006 Wessex.
867 3956 915 4004 See
925 3955 1111 4016 post,§116,p.
1121 3958 1177 4004 1⁷2.

225 4038 262 4081 tre
281 4031 393 4093 Inegildo
411 4023 535 4095 abnepos]
561 4026 689 4088 Ecgberht
748 4024 809 4074 ‘Ut
824 4025 969 4088 preadictum
987 4023 1043 4083 est]
1072 4024 1139 4085 W,
1151 4040 1176 4084 p.

225 4117 280 4151 was
291 4101 333 4150 tha
345 4115 389 4149 son
400 4099 430 4147 ol*
442 4097 597 4159 Ealhmund,
607 4111 652 4145 son
663 4095 692 4144 of
713 4101 754 4145 59.

227 4172 301 4233 Eafa,
320 4185 365 4220 son
384 4169 413 4217 ol
430 4169 529 4230 Eoppa,
546 4181 591 4215 son
603 4166 632 4216 ol
647 4166 688 4213 In·
749 4163 845 4213 ³Filioe
862 4163 940 4227 ipsias
953 4162 1108 4225 parturiebant
1118 4177 1177 4226 nup-

225 4242 288 4303 gild,
304 4240 346 4288 the
362 4238 464 4288 brother
479 4237 509 4286 ol
523 4237 573 4300 lui,
590 4237 652 4297 king
663 4235 692 4285 of
713 4235 783 4297 tina]
800 4234 848 4283 See
859 4249 884 4294 p.
898 4237 939 4295 59,
949 4237 1007 4281 note
1018 4229 1036 4280 ⁶.

955 4359 958 4368 .
1008 4324 1028 4369 L
