3128 4976
218 462 284 508 mn.
303 445 361 525 11.]
443 461 556 508 onsrn
580 460 706 508 aneon
731 460 946 508 Anononuru.
1102 446 1168 512 223

219 616 397 680 illustrari.
450 598 554 693 Quod
582 634 660 677 cum
688 634 789 678 mane
823 614 867 677 ad
901 615 1038 678 sodales
1069 615 1167 680 detu-

219 716 317 779 lisset
344 715 439 791 ludo,
472 716 515 777 ab
549 713 618 777 illis
651 733 720 776 non
746 713 950 795 joculariter
971 722 1168 796 exceptum,

219 813 401 878 confestim
425 813 553 877 villicae
576 812 731 889 auribus,
759 829 837 894 quae
864 813 958 893 regis
992 812 1081 876 filios
1105 833 1168 875 nu-

220 914 303 977 trire
342 913 489 989 solebat,
518 911 683 976 insonuit.
736 909 818 987 Illa,
846 930 918 974 rem
952 911 1169 989 examinans

220 1013 372 1094 puellam
403 1012 496 1074 intra
529 1010 621 1074 lares
654 1029 736 1073 suos
763 1017 937 1092 receptam
970 1011 1051 1074 filiae
1090 1011 1168 1074 loco

220 1111 361 1190 habuit3
400 1110 603 1174 cultioribus
644 1109 871 1185 vestimentis,
915 1109 1001 1174 cibis
1041 1110 1169 1174 delica-

220 1211 378 1286 tioribus
405 1209 561 1289 gestibus
593 1208 827 1282 facetioribus
852 1207 1093 1289 virgunculam
1115 1210 1169 1272 in-

221 1309 385 1372 formans.
440 1307 523 1370 Non
548 1307 659 1369 multo
687 1313 779 1389 post,
804 1306 896 1369 filius
916 1309 1009 1388 regis
1037 1307 1169 1371 Elfredi

113 1489 114 1494 ἵ
223 1407 428 1483 Edwardus,
450 1403 584 1469 itineris
607 1425 692 1468 casu
714 1425 775 1487 per
788 1404 908 1469 villam
923 1407 1108 1483 transiens,
1125 1407 1168 1469 ad

222 1505 360 1569 domum
384 1505 526 1569 divertit
550 1504 760 1568 infantilium
787 1505 1060 1568 rudimentorum
1087 1505 1169 1568 olim

222 1605 418 1684 consciam3
452 1623 566 1685 neque
588 1603 678 1666 enim
700 1603 873 1684 integrum
895 1603 997 1668 famae
1020 1623 1093 1667 suae
1115 1625 1169 1668 re·

221 1704 325 1766 batur
340 1704 370 1766 si
387 1697 573 1766 ¹nutricem
589 1695 762 1765 ²salutare
777 1701 971 1766 fastidiret:
995 1703 1067 1779 ubi,
1083 1703 1170 1766 visae

221 1803 367 1883 virginis
385 1821 501 1864 amore
518 1807 654 1882 captus,
670 1807 806 1864 noctem
828 1801 940 1882 petiit.
994 1800 1079 1882 Ipsa
1100 1821 1170 1864 uno

222 1901 406 1982 complexu
420 1901 616 1981 gravidata,
633 1919 711 1963 cum
728 1900 919 1981 peperisset
930 1899 1040 1962 filium
1050 1900 1170 1963 Ethel-

222 2007 372 2076 stanum,
400 1999 524 2062 somnii
551 1998 653 2062 fidem
681 1998 850 2078 absolvit3
885 2017 966 2060 nam
994 2018 1073 2061 oum
1099 2000 1171 2075 ille,

222 2100 373 2181 pueritia
382 2105 531 2174 mortua,
546 2098 582 2159 in
598 2097 867 2161 adolescentiam
883 2096 1057 2173 evaderet,
1072 2117 1171 2180 mag·

223 2216 304 2260 nam
326 2217 423 2279 spem
442 2197 548 2276 regiae
570 2194 695 2258 indolis
712 2195 830 2270 dabat,
846 2194 1022 2277 praeclaris
1039 2195 1171 2260 facino·

223 2296 318 2358 ribus
350 2296 573 2377 approbatus
632 2293 759 2375 Itaque
790 2313 872 2374 rege
908 2292 1080 2357 Edwardo
1113 2295 1194 2374 des

223 2395 354 2470 functo,
372 2393 464 2456 filius
480 2393 555 2476 ejus
574 2392 768 2468 Elwardus,
789 2412 834 2454 ex
849 2392 1006 2473 legitima
1023 2393 1172 2476 conjuge

224 2499 373 2567 creatus,
389 2498 524 2572 patrem
550 2491 620 2553 cita
644 2497 755 2553 morte
779 2498 931 2554 secutus
983 2491 1084 2554 Tunc
1097 2512 1171 2555 om-

224 2592 320 2653 nium
346 2591 473 2673 spebus
498 2590 535 2652 in
557 2588 800 2653 Ethelstanum
822 2589 958 2666 erectis,
980 2590 1077 2653 solus
1092 2584 1172 2653 8ΕΙ-

224 2690 353 2766 freduS,
378 2707 515 2769 magnae
538 2688 732 2752 insolentiae
753 2687 868 2764 homo,
885 2707 963 2751 cum
985 2689 1058 2751 suis
1082 2690 1172 2753 clam
1239 2699 1241 2704 ’

223 2781 371 2851 4restitit
410 2787 525 2869 quoad
570 2787 698 2868 potuit,
735 2786 942 2868 dedignatus
981 2788 1083 2851 subdi
1112 2789 1173 2852 do·

225 2888 319 2950 mino
344 2905 446 2968 quem
476 2905 540 2949 suo
568 2905 638 2948 non
660 2885 846 2966 delegisset
871 2886 1025 2950 arbitrio.
1079 2887 1172 2965 Quo,

225 2992 265 3049 ut
288 2985 447 3067 superius
469 3004 533 3048 rex
559 2984 690 3060 retulit,
715 2984 853 3066 prodito
882 2991 918 3047 et
940 2978 1171 3063 ⁵exanimato,

226 3084 321 3147 fuere
338 3084 399 3165 qui
416 3084 558 3148 fratrem
578 3083 670 3164 regis
687 3083 870 3150 Edwinum
893 3083 1096 3148 insidiarum
1118 3086 1171 3147 in-

225 3183 449 3246 simularent:
480 3182 593 3246 scelus
615 3182 822 3246 horrendum
853 3189 888 3245 et
907 3181 1050 3259 foedum,
1079 3184 1172 3266 quod

225 3280 445 3344 sedulitatem
484 3280 672 3344 fraternam
711 3281 852 3343 sinistra
889 3282 1173 3364 interpretatione

225 3380 417 3441 turbarent.
470 3378 635 3442 Edwinus
660 3398 722 3459 per
747 3399 785 3442 se
807 3385 843 3441 et
861 3398 923 3460 per
937 3381 1174 3444 internuncios

227 3476 329 3539 fidem
362 3478 517 3556 germani
546 3476 748 3558 implorans,
780 3484 816 3539 et
844 3476 925 3540 licet
956 3487 1173 3542 sacramento

227 3575 435 3638 delationem
448 3574 637 3652 infirmans,
649 3575 685 3636 in
701 3574 845 3638 exilium
863 3582 963 3639 actus
977 3584 1041 3639 est.
1079 3576 1173 3639 Tan·

266 3854 273 3884 ¹
286 3853 435 3916 Nutricem]
455 3854 484 3902 C.
494 3854 529 3904 D.
539 3855 627 3917 E.L.;
644 3872 691 3906 nu·
753 3881 762 3913 ι

228 3925 316 3972 tricem
328 3936 410 3984 suam,
421 3923 455 3972 A.
468 3923 497 3972 S.

263 3990 422 4054 ²Strictum]
446 3993 480 4042 A.
493 3993 522 4044 S.
540 3994 574 4043 D.
589 3995 621 4044 E.
634 3995 690 4055 M.;

230 4064 343 4122 visitare,
357 4063 387 4111 C.

263 4126 424 4198 wifredus]
443 4132 489 4181 See
502 4136 585 4195 antea,
596 4131 622 4198 ἧς
636 4137 692 4194 136,

773 3881 901 3954 stertuit]
919 3887 952 3938 A.
972 3888 1001 3939 S.
1023 3891 1053 3940 G.
1074 3891 1109 3940 D.
1127 3893 1176 3953 L.;

715 3955 835 4015 restituit,
846 3956 878 4004 E.

753 4087 946 4155 ⁵Exunimuto.]
972 4092 1006 4144 A.
1025 4096 1054 4146 S.
1075 4099 1107 4147 E.
1128 4098 1177 4158 L.;

718 4162 871 4225 examinato,
885 4165 915 4212 C.
930 4163 963 4212 D.
977 4166 1015 4214 M.
