3112 4968
407 504 473 569 346
609 518 723 566 arsur
746 518 874 566 nseuu
898 518 1111 566 nuououuu.
1216 505 1358 584 [mnu.

407 696 475 758 que
496 675 588 739 ferro
611 673 834 738 abscissionis
867 675 1033 738 utendum
1056 674 1232 758 judicans,
1264 695 1360 740 arma

407 775 634 856 undecunque
649 781 684 838 et
699 793 806 856 equos
829 775 1049 856 conquisivit,
1067 774 1194 838 milites
1209 781 1245 838 et
1260 777 1359 858 equi-

408 883 461 940 tes
478 875 682 954 adornavit;
707 892 760 950 ac,
778 874 927 958 primum
947 874 1125 938 basilicam
1148 875 1242 938 beati
1260 875 1357 939 Petri

407 993 667 1056 praeoccupans,
695 981 853 1056 raptores
884 974 1100 1037 oblationum
1126 974 1183 1037 vel
1206 976 1358 1038 extinxit

407 1075 465 1139 vel
491 1074 670 1155 effugavit.
723 1073 822 1150 Inde,
843 1073 1018 1137 fortunam
1040 1073 1107 1138 sibi
1129 1074 1283 1156 aspirare
1304 1076 1357 1138 vi·

408 1174 504 1250 dens,
524 1173 663 1254 longius
690 1173 928 1255 progreditur3
957 1179 1003 1250 et,
1021 1174 1051 1236 si
1074 1174 1134 1254 qui
1157 1174 1357 1237 resisterent

408 1274 542 1350 occisiS,
565 1273 698 1355 praedia
720 1274 835 1336 omnia
857 1279 892 1335 et
917 1273 1056 1354 oppida,
1080 1273 1199 1336 multis
1222 1279 1357 1356 tempo-

407 1373 502 1437 ribus
525 1373 665 1449 amissa,
691 1373 726 1434 in
753 1372 933 1454 antiquum
952 1372 1013 1454 jus
1036 1373 1247 1437 reformavit.
1300 1373 1359 1437 Ita

407 1489 492 1554 pax,
509 1493 571 1554 per
588 1473 775 1535 multorum
795 1471 978 1552 segnitiem
999 1473 1158 1549 exulans,
1173 1491 1235 1554 per
1250 1492 1356 1535 unum

408 1573 580 1636 hominem
594 1573 631 1634 in
645 1572 795 1654 patriam
811 1572 925 1635 rediit.
977 1571 1097 1636 Securi
1110 1573 1283 1654 peregrini
1304 1573 1358 1634 in-

408 1678 526 1735 suetas
548 1673 682 1736 viarum
706 1672 864 1735 terebant
890 1671 1033 1748 orbitas,
1056 1672 1130 1735 laeti
1151 1691 1213 1753 per
1238 1673 1357 1735 urbem

408 1772 560 1853 antiquis
585 1771 704 1835 oculos
726 1772 916 1852 pascebant
937 1771 1124 1848 miraculis,
1147 1771 1357 1835 cantitantes

408 1871 506 1935 donis
524 1870 627 1935 factis
640 1872 887 1952 repatriabant.
926 1869 1240 1948 Quiritesinterea,
1256 1878 1357 1953 rapto

408 1972 525 2034 vivere
547 1971 689 2047 assueti,
703 1970 966 2051 sanguinarium
989 1970 1086 2033 illum
1102 1971 1287 2047 vocabant,
1304 1972 1358 2033 in·

408 2070 551 2150 dignum
578 2089 654 2133 esse
670 2070 730 2151 qui
745 2070 823 2133 Deo
843 2069 981 2134 offerret
996 2070 1203 2133 sacrificium
1220 2076 1274 2134 tot
1290 2091 1357 2134 cae-

409 2169 503 2231 dium
528 2170 708 2249 conscius3
746 2175 794 2246 et,
818 2176 859 2233 ut
884 2169 959 2232 fieri
987 2170 1076 2233 solet
1098 2169 1190 2251 quod
1217 2171 1357 2233 morbus

409 2269 563 2350 obloquii
579 2270 623 2332 ab
638 2289 707 2333 uno
733 2275 852 2351 serpat
865 2269 902 2330 in
918 2287 1048 2346 omneS,
1070 2270 1138 2350 ipsi
1154 2269 1259 2332 etiam
1281 2288 1357 2332 car-

408 2368 541 2432 dinales
571 2375 777 2450 argumenta
807 2368 926 2450 populi
954 2369 1158 2450 probabant,
1190 2369 1277 2432 adeo
1307 2377 1358 2446 ut,

408 2487 487 2531 cum
525 2469 648 2530 heatus
678 2467 737 2530 ille
760 2467 958 2532 valetudine
994 2487 1063 2550 qua
1093 2467 1275 2532 defunctus
1305 2476 1358 2532 est

408 2567 639 2644 decumberet,
662 2567 806 2631 consilio
828 2568 919 2630 inter
938 2586 977 2630 se
999 2569 1095 2650 prius
1117 2568 1247 2646 habito,
1271 2587 1359 2632 ausu

408 2668 590 2731 temerario
615 2667 839 2730 admonerent
867 2685 911 2729 ne
939 2685 977 2729 se
1005 2668 1042 2730 in
1072 2666 1220 2730 ecclesia
1247 2669 1359 2732 sancti

410 2766 509 2830 Petri
539 2786 618 2830 cum
647 2766 783 2829 caeteris
815 2766 1015 2848 apostolicis
1044 2767 1210 2830 tumulari
1237 2769 1359 2848 praeci-

407 2873 507 2948 peret
526 2867 585 2948 qui
603 2872 655 2929 tot
672 2865 848 2929 hominum
872 2865 1039 2929 mortibus
1059 2851 1208 2930 officium
1230 2865 1358 2930 foedas-

409 2973 473 3029 set.
525 2965 616 3029 Tum
632 2965 702 3040 ille,
716 2964 899 3029 recollecto
913 2966 1049 3047 spiritu,
1065 2968 1242 3047 torvisque
1256 2966 1357 3029 lumi-

409 3065 510 3128 nibus
526 3065 657 3140 minax,
672 3063 762 3126 hanc
777 3064 968 3128 orationem
984 3064 1124 3130 habuit:

271 3183 387 3224 eram.
461 3163 568 3246 §202
592 3163 653 3225 ‘Si
676 3163 713 3224 in
735 3164 834 3227 vobis
857 3163 913 3226 vel
942 3163 1093 3228 scintilla
1117 3163 1278 3227 humanae
1300 3183 1356 3227 ra·

409 3262 514 3326 tionis
533 3262 590 3325 vel
609 3262 755 3326 scientia
776 3263 903 3326 divinae
923 3264 1140 3327 auctoritatis
1160 3273 1263 3341 esset,
1285 3271 1358 3327 tam

407 3362 579 3444 praecipiti
607 3363 768 3426 suasione
795 3382 865 3426 non
894 3364 1123 3427 conveniretis
1157 3364 1354 3445 pontificem

407 3469 583 3542 vestrum3
617 3462 688 3542 qui,
722 3469 890 3543 quantum
920 3463 1007 3539 vixi,
1040 3470 1075 3526 et
1112 3463 1356 3544 patrimonium

408 3582 522 3626 meum
549 3562 586 3624 in
614 3568 732 3626 vestra
761 3561 941 3625 commoda
970 3561 1087 3639 effudi,
1116 3569 1151 3626 et
1181 3571 1356 3644 postremo

407 3662 536 3725 samam
549 3660 667 3724 mundi
679 3681 742 3743 pro
757 3669 874 3725 vestra
887 3661 1090 3725 liberatione
1106 3661 1257 3744 neglexi.
1310 3663 1357 3726 Et

409 3762 440 3824 si
462 3760 522 3824 alii
545 3760 620 3823 haec
636 3780 715 3842 quae
737 3759 957 3841 proscinditis
980 3768 1188 3838 attexerent,
1204 3781 1271 3843 par
1282 3769 1358 3826 erat

407 3879 471 3925 vos
487 3861 666 3936 obsistere,
682 3860 861 3942 opiniones
882 3860 1067 3924 stultorum
1090 3861 1287 3924 melioribus
1301 3862 1355 3924 in-

408 3960 713 4043 terpretationibus
727 3958 906 4023 lenientes.
948 3959 1026 4037 Cui,
1041 3979 1172 4042 quaeso,
1185 3960 1355 4024 thesauri·

408 4061 509 4124 zavit
532 4059 679 4124 forsitan
695 4058 788 4122 mihi.
834 4059 885 4123 At
901 4059 1082 4124 thesauros
1097 4067 1355 4124 antecessorum

407 4179 560 4224 meorum
586 4159 754 4222 habebam
771 4158 830 4240 qui
844 4158 1029 4241 cujuslibet
1045 4159 1202 4224 avaritiae
1221 4158 1355 4223 suffice·

407 4266 495 4322 rent.
524 4257 659 4336 Quibus
673 4258 832 4335 salutem,
845 4258 969 4340 quihus
987 4260 1182 4323 libertatem
1196 4259 1354 4324 restituit
