3128 4976
409 455 476 521 270
627 473 740 522 essm
767 473 894 522 ascum
918 472 1132 524 arenosum
1219 462 1304 542 [um.
1323 478 1362 525 11.

409 637 449 694 ut
465 628 706 712 resipiscerent
719 631 764 694 ab
777 629 843 694 hac
852 631 1109 713 superstitione.
1147 627 1230 710 Qui,
1245 640 1359 697 trans·

408 729 483 793 iens
497 736 617 793 vastas
639 730 914 812 intercapedines
927 737 1108 809 terrarum,
1122 732 1262 800 taudem
1283 753 1359 825 ma-¹

407 828 501 891 rinos
529 829 757 893 transmeavit
780 830 878 907 fineS,
905 837 941 894 et
968 830 1004 892 in
1032 829 1088 892 die
1115 829 1256 896 Natalis
1280 833 1355 896 Do·

406 927 491 990 mini
522 928 680 1009 pervenit
710 936 791 992 ante
826 922 1048 1012 conspectum
1077 929 1169 1010 regis
1205 931 1355 1013 praelati,

406 1045 558 1108 moxque
582 1033 744 1109 exparte
766 1035 887 1092 nostra
912 1027 1065 1092 salutato
1086 1029 1212 1092 obtulit
1236 1029 1355 1094 literas

407 1144 495 1206 quas
518 1125 569 1188 illi
596 1126 821 1206 miseramus3
848 1125 920 1209 qui,
948 1126 1123 1190 accersitis
1145 1128 1278 1192 cunctis
1300 1131 1356 1192 sui

406 1223 506 1305 regni
527 1225 706 1307 utriusque
736 1226 865 1288 ordinis
887 1225 1045 1289 fidelibus
1075 1226 1355 1308 sapientioribus,

406 1324 451 1386 ob
474 1343 625 1396 amorem
650 1332 686 1388 et
708 1325 866 1388 timorem
894 1324 963 1388 Dei
984 1326 1242 1408 omnipotentis,
1272 1346 1352 1390 nec-

405 1441 475 1485 non
488 1430 524 1486 et
542 1423 655 1486 sancti
670 1423 768 1487 Petri
790 1424 1027 1507 apostolorum
1047 1423 1224 1507 principis
1240 1432 1275 1489 et
1289 1447 1353 1508 per

404 1528 559 1585 nostram
597 1523 864 1587 admonitionem
897 1530 1091 1605 paternam,
1119 1520 1351 1588 firmissimam

404 1622 576 1685 concessit
616 1641 749 1703 pacem,
780 1640 859 1686 cum
891 1623 1050 1686 omnibus
1081 1621 1162 1686 filiis
1202 1624 1275 1686 suis
1316 1632 1351 1688 et

402 1718 539 1782 filiabus
561 1722 791 1802 praesentibus
811 1728 847 1785 et
867 1719 1006 1798 futuris,
1033 1729 1167 1786 etcum
1193 1723 1351 1786 omnibus

403 1817 560 1881 fidelibus
577 1819 661 1896 suis,
677 1820 751 1882 sine
773 1819 862 1882 dolo.
916 1819 1007 1901 Qua¹
1018 1819 1061 1882 de
1078 1840 1115 1884 re
1137 1821 1231 1884 misit
1246 1821 1350 1885 Edel-

401 1916 514 1979 sinum
536 1925 667 1980 sanctae
684 1918 961 1981 scireburnensis
978 1919 1133 1983 ecclesiae
1155 1921 1349 2002 praesulem,

402 2033 537 2078 necnon
567 2023 603 2079 et
631 2015 856 2080 Leofstanum
894 2017 1003 2080 filium
1032 2015 1209 2096 Alfwoldi,
1243 2026 1348 2102 atque

401 2112 555 2178 Wistani
581 2114 690 2178 filium
712 2114 939 2192 Edelnodum,
960 2118 1019 2198 qui
1041 2118 1253 2181 transierunt
1275 2138 1348 2181 rua·

400 2213 495 2276 rinos
518 2213 616 2292 fines,
638 2221 674 2278 et
694 2223 927 2296 pervenerunt
948 2235 1058 2299 usque
1088 2217 1132 2279 ad
1159 2215 1348 2281 Ricardum

400 2312 583 2392 praefatum
607 2313 849 2376 marchionem.
902 2313 974 2392 Qui
1004 2322 1048 2379 etv
1068 2316 1200 2379 monita
1229 2324 1350 2380 nostra

399 2411 543 2491 pacifice
570 2413 774 2494 suscipiens,
802 2413 973 2495 simulque
1001 2414 1144 2477 audiens
1173 2413 1348 2478 decretum

400 2509 569 2590 suprafati
591 2510 696 2591 regis,
709 2511 830 2575 libenti
849 2512 964 2577 animo
986 2513 1129 2576 eandem
1152 2533 1273 2595 pacem
1288 2514 1347 2576 lir-

399 2607 519 2687 mavit,
537 2628 615 2672 curn
639 2610 720 2673 liliis
744 2617 780 2674 et
799 2610 936 2675 filiabus
968 2612 1040 2675 suis
1061 2613 1289 2693 praesentibus
1312 2621 1349 2678 et

398 2707 535 2786 futuris,
549 2705 676 2772 etcum
690 2707 848 2785 omnibus
861 2709 1019 2774 fidelibus
1041 2711 1125 2786 suiS,
1140 2731 1181 2774 eo
1200 2713 1346 2775 rationis

397 2812 530 2884 tenore,
551 2815 604 2884 ut,
627 2809 657 2871 si
679 2807 804 2891 aliquis
829 2829 947 2872 eorum
960 2810 1017 2873 vel
1039 2809 1106 2891 ipsi
1130 2810 1260 2893 injuste
1282 2811 1346 2874 ali·

398 2905 480 2986 quid
495 2913 616 2970 contra
635 2907 782 2970 alterum
800 2908 1088 2990 perpetraverint,
1106 2907 1213 2990 digna
1231 2929 1346 2973 emen-

396 3004 538 3068 datione
553 3013 732 3087 purgetur.
783 3005 931 3089 Paxque
954 3014 1095 3071 maneat
1110 3007 1245 3071 stabilis
1267 3029 1345 3091 per-

396 3103 583 3183 petualiter
605 3111 640 3167 et
659 3104 876 3182 inconvulsa,
899 3114 1193 3170 sacramentorum
1214 3109 1342 3170 utrius-

397 3219 465 3281 que
495 3201 605 3283 partis
638 3203 801 3284 stigmate
832 3203 1011 3287 stipulata.
1063 3206 1120 3269 Ex
1145 3213 1244 3288 parte
1276 3208 1344 3270 sci÷

396 3299 478 3364 licet
506 3300 667 3365 Edelredi
693 3301 797 3382 regis,
830 3302 1013 3368 Edelsinus
1047 3307 1175 3387 praesul
1212 3313 1343 3369 sanctae

396 3397 673 3464 Scireburnensis
714 3403 880 3478 ecclesiae,
912 3410 947 3466 et
981 3403 1148 3468 Leofstan
1177 3403 1343 3469 Alfwoldi

396 3497 487 3562 lilius
512 3507 549 3563 et
571 3500 769 3564 Edelnodus
782 3501 935 3566 Wistani
951 3502 1062 3567 filius:
1088 3511 1251 3586 exparte
1278 3503 1342 3568 Ri-

395 3599 502 3675 cardi,
535 3598 695 3681 Rogerus
732 3602 926 3683 episcopua,
964 3601 1138 3670 Rodulfus
1179 3594 1343 3684 Hugonis

394 3695 498 3774 filius,
514 3698 684 3763 Turstenc
698 3699 790 3763 lilius
801 3700 942 3781 Turgis.
994 3699 1123 3764 Actum
1141 3701 1340 3784 Rotomago

394 3793 532 3860 kalend.
543 3795 677 3875 Martii,
688 3816 779 3862 anno
795 3801 838 3862 ab
848 3800 1086 3864 incarnatione
1099 3801 1242 3874 Domini
1253 3820 1340 3864 non-

393 3895 585 3976 gentesimo
603 3899 826 3980 nonagesimo
838 3892 978 3980 ¹primo‚
990 3893 1184 3964 ¹indictione
1203 3909 1341 3984 quarta.

564 4213 572 4246 1
592 4216 701 4279 Prima]
718 4218 752 4268 r.
765 4219 794 4268 s.
808 4221 838 4270 c.
851 4221 884 4270 n.
896 4221 946 4282 n.;
963 4222 1104 4271 onasum
1116 4224 1151 4274 n.
1267 4267 1270 4272 .
