3128 4976
400 467 466 534 242
625 482 739 529 casua
763 482 890 529 ancum
914 481 1129 530 nacionum.
1210 467 1358 547 [marr.

403 645 534 705 sanctae
562 637 629 702 Dei
655 637 810 702 ccclesiae
836 636 981 702 maculis
1004 638 1227 720 reproborum
1256 636 1357 700 dissi·

403 746 508 822 putur
531 745 567 802 et
592 737 773 818 rumpitur.
832 737 964 800 Iccirco
992 736 1210 819 profuturum
1238 755 1357 800 succe-

335 991 339 1000 ‘
405 1005 484 1054 papa,
507 990 610 1052 gloriosi
631 991 773 1054 Anglorum
800 991 868 1052 regis
893 991 1018 1050 firmavit3
1044 990 1183 1051 eodemque
1207 1005 1282 1051 anno,
1309 991 1356 1050 qui

408 1061 514 1122 Edgari,
525 1075 571 1110 nec
586 1076 637 1110 non
646 1066 673 1109 et
683 1065 778 1110 sanctur
787 1059 869 1109 Doro·
893 1059 943 1109 fuit
960 1061 1165 1122 nongentesimus
1180 1060 1356 1122 sexagesimus

407 1132 537 1180 vernensis
547 1131 663 1180 ecclesia
679 1131 869 1191 archipraesulis
893 1130 1151 1190 quintusDominicae
1167 1130 1356 1190 incarnationis,

409 1200 548 1262 Dunstani,
559 1201 684 1249 submisso
694 1200 813 1261 pulsatus
830 1213 870 1247 ro-
893 1213 963 1259 papa
977 1199 1108 1250 Johannes
1127 1200 1215 1248 Romae
1234 1199 1261 1246 in
1280 1213 1356 1260 gene-

410 1273 471 1332 gatu
482 1285 528 1331 pro
538 1271 689 1319 monasterio
706 1273 800 1318 amatre
813 1269 870 1317 Ma·
894 1269 942 1316 rali
960 1268 1057 1330 synodo
1074 1269 1252 1328 auctorizavit,
1279 1283 1358 1316 cumc-

409 1339 870 1400 riae,videlicetGlastingebiri,quod
896 1342 986 1398 tosque
1013 1339 1117 1400 potioris
1141 1339 1282 1400 dignitatis,
1310 1339 1355 1398 qui

410 1408 461 1469 ipsi
472 1409 523 1457 acti
538 1423 622 1458 amore
633 1410 736 1470 superni
748 1409 827 1470 Regis
843 1409 869 1456 in
894 1405 1052 1468 praefuerunt
1062 1407 1144 1456 eidem
1155 1408 1262 1457 concilio
1280 1421 1356 1469 gene-

410 1478 497 1527 multis
514 1481 540 1526 et
558 1481 657 1541 magnis
668 1479 870 1540 possessionibus
894 1477 952 1538 ruli,
974 1491 1006 1525 ea
1027 1478 1185 1526 corroborare
1212 1479 1355 1538 imperavit.

410 1547 562 1608 ditaverant,
596 1548 774 1596 monachorum
807 1548 870 1595 inibi
895 1547 1058 1607 Perpendant
1085 1561 1145 1607 ergo
1172 1551 1355 1608 contemptores

411 1617 609 1679 multiplicantes
626 1631 870 1678 normam,praecep-
895 1620 971 1664 tantae
1007 1614 1225 1676 interminationis,
1252 1621 1354 1678 quantae

410 1691 487 1747 toque
497 1688 578 1747 regali
588 1688 755 1745 firmaverant,
765 1686 834 1748 quod
845 1691 871 1735 et
895 1687 1044 1747 subjaceant
1061 1685 1191 1734 sententiaa
1210 1701 1355 1734 excommu-

410 1754 559 1815 ipselacere
575 1771 625 1804 non
641 1756 764 1805 differam.
801 1756 870 1807 Quo·
893 1755 1043 1804 nicationis:
1060 1755 1199 1815 etquidem
1214 1756 1288 1804 beato
1301 1756 1353 1803 Pe·

410 1839 466 1872 rum
477 1826 738 1886 assentiensbenignae
746 1826 871 1887 petitioni,
894 1828 933 1872 tro
954 1825 1068 1885 apostolo
1094 1823 1204 1884 principi
1229 1825 1354 1886 apostolo-

410 1893 437 1940 in
448 1894 505 1941 sinu
517 1895 637 1942 Romanus
648 1895 764 1943 ccclesiae
775 1899 801 1942 et
811 1895 871 1944 bea-
894 1894 1080 1956 rum,Christus
1086 1893 1184 1956 ligandi
1191 1894 1356 1954 solvendique

410 1966 492 2010 torum
519 1964 689 2023 apostolorum
716 1965 870 2024 protectione
894 1964 1354 2024 presulatum,claverqueregmcoe-

410 2032 518 2080 eundem
527 2033 612 2081 locum
626 2033 748 2094 suscipio,
758 2038 783 2081 et
794 2035 871 2095 privi-
893 2033 984 2094 lorum,
992 2033 1068 2081 simul
1073 2033 1187 2082 tradidit.
1200 2033 1300 2094 Cuique
1308 2048 1355 2081 au·

409 2100 485 2161 legiis
501 2107 587 2151 astruo
605 2107 632 2151 et
647 2103 795 2161 conuboro3
819 2118 870 2164 quo
894 2107 944 2150 tem
966 2107 1064 2151 constat
1084 2103 1248 2163 perspicuum
1277 2107 1354 2163 atque

411 2170 459 2220 line
475 2175 558 2231 tanus,
568 2173 594 2220 in
605 2187 636 2220 eo
647 2187 697 2232 quo
708 2186 775 2220 nunc
792 2173 871 2234 pollet
893 2172 1006 2233 evidens,
1017 2171 1085 2232 quod
1103 2171 1182 2233 hujus
1199 2172 1305 2233 apostoli
1318 2173 1355 2220 vi-

410 2246 556 2300 permaneat
596 2242 737 2290 monachali
771 2241 868 2292 ordine.
893 2242 987 2303 carius,
997 2242 1179 2303 potestatisque
1195 2243 1353 2303 potissimum

411 2309 517 2370 Ipsique
543 2311 659 2359 monachi
681 2311 714 2360 de
736 2312 790 2360 suis
820 2313 868 2360 sibi
892 2312 926 2358 sit
936 2311 1026 2373 haeres,
1034 2311 1277 2360 Romunaeecclesiae
1288 2326 1355 2373 prae·

410 2379 547 2428 adhibeant
564 2385 699 2440 pastorem.
735 2380 869 2430 Ordinatio
894 2380 988 2430 sidens.
1025 2379 1096 2428 Huic
1116 2386 1210 2428 sanctae
1226 2381 1351 2429 memoriae

410 2453 532 2496 verutam
544 2450 721 2498 monachorum
732 2465 809 2510 quam
820 2452 870 2500 cle·
893 2450 1023 2498 lohannes
1056 2449 1220 2498 laudabiliter
1250 2451 1354 2511 praefuit

410 2517 518 2566 ricorum
540 2518 567 2566 in
588 2520 692 2568 arbitrio
721 2520 820 2568 abbatis
844 2526 871 2569 et
895 2533 941 2567 suo
958 2524 1079 2581 tempore,
1095 2523 1125 2567 ut
1143 2519 1269 2580 hodieque
1283 2521 1353 2581 riget

409 2593 548 2636 conventus
557 2588 599 2638 sit.
617 2589 783 2638 Decernimus
794 2589 870 2638 etiam
894 2589 1004 2650 gloriosa
1023 2589 1205 2650 recordatione,
1223 2595 1353 2650 promotus

410 2660 439 2704 ut
449 2657 513 2706 nulli
523 2658 756 2706 omninohominum
764 2660 869 2708 eandem
894 2659 928 2706 ad
938 2659 967 2706 id
977 2659 1029 2707 Dei
1039 2659 1167 2719 totiusque
1178 2660 1267 2719 populi
1284 2659 1352 2708 elec-

409 2725 517 2776 insulam
526 2728 761 2789 placitandicausa,
771 2729 812 2776 vel
824 2729 871 2777 ali-
894 2729 970 2777 tione.
1006 2729 1033 2776 Si
1055 2742 1115 2789 ergo
1136 2726 1264 2777 decretum
1286 2730 1355 2778 beati

409 2797 472 2855 quid
492 2797 563 2846 aliud
582 2798 618 2846 ibi
634 2799 808 2858 perscrutandi
825 2804 871 2847 aut
895 2797 967 2846 Petri
977 2797 1085 2858 apostoli
1094 2802 1186 2859 ratum,
1196 2812 1353 2858 consequen-

409 2866 560 2927 corrigendi,
569 2868 663 2915 intrare
673 2867 758 2916 liceat.
775 2868 869 2928 siquis
894 2872 932 2914 ter
942 2872 968 2916 et
978 2867 1102 2917 Johannis
1112 2867 1245 2928 apostolici
1261 2873 1353 2916 ratum.

410 2938 494 2983 autem
505 2936 532 2983 id
543 2935 645 2984 molitus
652 2934 730 2984 fuerit
737 2938 870 2999 contraire,
894 2936 944 2984 Sed
955 2950 1027 2984 nemo
1038 2937 1079 2986 vel
1090 2937 1192 2985 demens
1202 2941 1285 2986 ratum
1296 2952 1352 2986 esse

409 3008 455 3051 aut
470 3005 642 3065 possessiones
658 3005 772 3066 ejusdcm
790 3007 871 3055 eccle·
895 3006 966 3054 Petri
991 3007 1100 3066 apostoli
1123 3007 1251 3055 decretum
1276 3008 1354 3055 dene-

410 3073 456 3120 siae
480 3073 588 3132 auferre,
609 3075 726 3136 retinere,
747 3075 870 3138 minuere,
894 3080 954 3136 gut,
975 3089 1047 3124 nemo
1068 3076 1148 3136 igitur
1169 3089 1239 3124 sanae
1262 3078 1354 3126 mentis

410 3141 452 3188 rel
470 3143 610 3190 temerariis
620 3144 797 3192 vexationibus
811 3145 870 3193 fati-
893 3145 1017 3194 dissimile
1028 3144 1081 3193 lore
1090 3145 1216 3194 dohannis
1221 3147 1354 3206 apostolici

412 3223 482 3272 gare,
498 3225 531 3259 ex
546 3212 696 3261 auctoritate
712 3213 763 3261 Dei
775 3214 870 3277 Patris,
894 3214 1022 3262 decretum
1048 3220 1182 3276 repugnat.
1229 3218 1285 3264 Aut
1310 3217 1354 3264 isti

411 3283 438 3328 et
452 3280 522 3341 Filii,
532 3285 558 3328 et
568 3281 678 3341 Spiritus
692 3282 788 3343 Sancti,
798 3297 871 3333 sanc-
893 3284 980 3344 itaque
999 3284 1164 3334 concedentes
1184 3284 1259 3333 beato
1277 3285 1355 3334 Petro

411 3354 496 3410 toeque
511 3351 563 3399 Dei
579 3351 707 3412 genitricis
721 3351 823 3414 Mariae,
839 3369 870 3402 ac
895 3355 999 3413 suisque
1025 3355 1213 3403 successoribus
1236 3355 1354 3405 collatam

411 3423 553 3469 sanctorum
571 3422 740 3482 apostolorum
758 3423 830 3471 Petri
845 3430 871 3472 et
894 3437 910 3470 a
944 3422 1046 3472 Christo
1078 3427 1236 3484 potestatem,
1270 3429 1354 3473 trans-

413 3489 501 3552 Pauli,
526 3491 687 3552 omniumque
718 3496 870 3556 sanctorum,
893 3492 966 3552 gredi
987 3494 1123 3541 cessabunt
1149 3494 1213 3542 tanti
1234 3493 1354 3543 interdic·

411 3564 541 3620 perpetum
561 3561 595 3608 sit
611 3562 730 3610 addictus
751 3563 872 3612 maledic·
894 3566 936 3609 tus
970 3563 1165 3623 auctoritatem
1192 3566 1238 3611 aut
1269 3564 1353 3612 flocci-

411 3628 483 3690 tioni,
499 3630 549 3678 nisi
566 3631 709 3691 resipuerit.
745 3631 870 3682 Omnibus
893 3632 1040 3693 pendentes,
1075 3647 1133 3680 cum
1176 3631 1296 3688 diabolo„
1312 3648 1354 3682 su·

410 3710 470 3746 vero
487 3698 568 3746 eidem
591 3700 646 3748 loco
660 3701 733 3761 justa
750 3704 871 3751 servanti-
893 3701 966 3761 isque
996 3700 1162 3763 complicibus
1195 3703 1352 3765 prascriptae

410 3765 459 3814 bus
478 3767 511 3814 sit
527 3781 579 3826 pax
592 3769 696 3817 Domini
710 3772 788 3818 nostri
805 3772 870 3822 Jesu
893 3770 1077 3821 maledictionis
1092 3771 1141 3820 sibi
1152 3771 1286 3832 adquirunt
1297 3787 1354 3834 per-

411 3833 516 3897 Christi,
534 3835 625 3886 Amen.
661 3839 807 3900 Nostraque
826 3842 869 3890 sti·
893 3840 1049 3899 petuitatem.
1089 3841 1195 3889 Constat
1226 3855 1286 3902 crgo
1311 3857 1371 3898 ne-¹

409 3906 507 3964 putatio
529 3906 678 3956 inconvulsa
698 3909 872 3970 permaneat.''
893 3909 985 3956 minem
1011 3913 1187 3960 extraneorum
1209 3910 1277 3958 idem
1299 3926 1353 3960 cce·

409 3974 503 4023 Actum
513 3978 625 4038 tempore
636 3977 789 4026 Aeliuuardi
803 3981 871 4042 ejus·
893 3978 996 4027 bobium
1018 3979 1068 4027 sibi
1083 3979 1257 4041 praeripuisse,
1278 3994 1353 4040 quem

408 4044 465 4092 dem
478 4047 622 4094 monasterii
632 4048 740 4098 abbatis.
838 4061 840 4066 ·
892 4061 942 4096 non
968 4049 1107 4097 constiterit
1129 4048 1187 4114 (nec
1204 4050 1258 4098 sine
1276 4050 1354 4099 dede-

443 4114 534 4164 ‘Haec
556 4116 635 4177 igitur
663 4118 801 4177 praedictus
823 4132 869 4166 rex
893 4113 963 4180 core)
979 4119 1114 4177 amisisse3
1130 4118 1252 4178 nullaque
1270 4133 1355 4168 mona-

407 4181 526 4244 Edgarus
544 4185 694 4234 duodecimo
713 4201 779 4235 anno
796 4190 868 4249 regni
893 4186 996 4236 chorum
1018 4187 1211 4248 machinatione,
1233 4188 1279 4236 sed
1303 4189 1355 4236 Dei

406 4253 447 4299 sui
464 4267 537 4301 sacro
553 4255 647 4315 scripto
658 4255 798 4304 Lundoniae
810 4271 868 4305 con·
887 4257 988 4316 judicio
999 4259 1031 4306 ob
1039 4262 1133 4307 sanctae
1144 4258 1303 4307 auctoritatis
1314 4259 1354 4306 ul-
