3162 4972
223 517 291 564 nm.
309 497 350 578 u]
446 511 562 558 cnsrs
586 510 713 558 nncun
737 511 951 560 suenorum
1132 496 1175 561 91

223 669 337 747 modo,
352 667 506 733 modicus
519 675 646 733 ¹tumor
667 669 703 732 in
725 669 872 750 ¹pedibus
897 669 1071 754 apparuit,
1085 669 1176 735 haud
1189 687 1318 779 qqquntor

223 770 348 834 dubius
365 768 487 833 vicinae
510 770 631 833 mortis
653 788 833 852 praesagus
848 777 883 836 et
896 770 1014 835 index.
1065 769 1177 848 Tunc,
1250 766 1255 778 '

222 870 334 938 accita
349 869 629 950 congregatione,
643 868 804 933 inunctus
829 877 865 935 et
886 868 1177 934 communicatus:

223 969 343 1033 osculo
366 969 500 1032 cunctis
527 969 647 1045 libato,
671 967 822 1032 futuram
848 970 903 1033 sui
927 970 1127 1034 memoriam
1157 987 1179 1034 a

224 1067 370 1150 singulis
385 1069 586 1150 imploranS,
603 1069 777 1133 nonnullis
797 1067 902 1134 etiam
924 1069 1180 1148 familiariorem

227 1167 414 1232 amicitiam
436 1168 587 1233 emeritis
609 1168 761 1246 xeniola,
776 1170 904 1250 quaein
917 1170 1060 1234 secretis
1074 1167 1179 1232 habe·
1246 1162 1248 1166 ’

224 1268 297 1345 bat,
308 1267 455 1348 largitus
469 1274 534 1331 est.
587 1267 655 1331 Die
671 1287 753 1332 vero
764 1266 1000 1346 AscensioniS,
1017 1288 1095 1333 cum
1105 1268 1181 1352 jam

225 1367 353 1444 anima,
378 1365 535 1447 fragilem
555 1386 656 1430 usum
679 1368 833 1450 corporis
856 1377 975 1445 exosa,
997 1369 1181 1450 egredique

225 1467 378 1548 gestiens
392 1467 591 1549 palpitaret,
614 1474 736 1530 contra
758 1468 944 1531 oratorium
961 1469 997 1530 in
1015 1488 1083 1550 quo
1098 1487 1181 1531 con-

226 1566 387 1630 sueverat
415 1584 526 1644 orare,
554 1566 665 1630 cilicio
687 1566 856 1650 subjecto,
878 1568 1097 1644 decumbam,
1113 1567 1180 1629 illi-

226 1667 309 1730 bato
339 1684 444 1728 sensu
475 1673 511 1730 et
536 1664 636 1729 hilari
661 1666 761 1730 vultu
784 1666 933 1749 Spiritus
959 1666 1079 1730 Sancti
1100 1685 1181 1747 gra-

227 1767 312 1829 tiam
333 1765 516 1842 invitabat,
538 1764 668 1842 dicens,
696 1765 749 1830 ‘O
774 1767 854 1830 Rex
876 1766 1009 1848 gloriae,
1032 1765 1182 1830 Domine

228 1865 408 1942 virtutum,
441 1865 500 1946 qui
528 1864 759 1947 triumphator
787 1865 888 1930 hodie
924 1885 1028 1949 super
1063 1885 1182 1930 omnes

229 1965 335 2028 coelos
363 1963 563 2041 ascendisti,
593 1985 637 2028 ne
662 1964 880 2048 derelinquas
905 1986 969 2029 nos
997 1965 1182 2048 orphanos',

230 2063 289 2127 sed
305 2064 403 2128 mitte
417 2063 623 2147 promissum
647 2063 764 2129 Patris
791 2067 827 2129 in
852 2085 916 2128 nos
941 2065 1107 2148 Spiritum
1122 2085 1182 2129 ve·

228 2163 342 2227 ritatis
355 2163 376 2227 :'
403 2162 468 2226 hac
491 2165 646 2227 oratione
667 2155 774 2231 finita,
794 2159 1007 2248 lsupremum
1032 2164 1183 2242 efflavit3

230 2265 461 2345 subsequente
487 2271 523 2326 et
546 2264 698 2326 omnium
722 2265 862 2328 naribus
885 2257 1051 2347 ²expletis
1067 2264 1184 2341 odore,

230 2363 365 2445 qualem
401 2381 464 2426 nec
486 2363 647 2426 cinnama
674 2383 738 2427 nec
759 2352 919 2428 'balsama
946 2365 1091 2447 spirant,
1122 2363 1184 2428 sed
1336 2375 1341 2392 ⁸

124 2545 129 2554 .
229 2461 457 2545 paradisiaco,
480 2453 637 2544 atquem
657 2464 807 2526 vernalis
821 2464 1016 2545 ubicunque
1030 2464 1184 2527 locorum
1230 2447 1233 2456 ’

230 2562 348 2626 exalat
366 2562 500 2626 laetitia.
550 2561 729 2625 Humatus
752 2569 806 2626 est
820 2570 905 2627 tunc
926 2563 963 2626 in
978 2563 1097 2627 eodem
1110 2582 1184 2625 mo·

231 2662 394 2739 nasterio,
420 2655 497 2725 ³sed
526 2661 629 2725 modo
656 2681 734 2724 cum
760 2662 863 2726 beato
890 2661 1082 2726 cuthberto
1111 2663 1186 2726 Du·

232 2760 771 2826 nelmisitumfamaconfirmat.
1173 2771 1174 2774 ’

284 2861 369 2944 §62
393 2861 537 2944 Sepulta
552 2869 605 2926 est
620 2880 697 2924 cum
713 2881 754 2925 eo
769 2867 945 2943 gestorum
961 2859 1072 2925 omnis
1098 2879 1187 2946 pene

233 2961 357 3025 notitia
381 2980 491 3043 usque
515 2961 560 3024 ad
582 2968 703 3025 nostra
725 2951 893 3045 tempora.
945 2960 1045 3025 Adeo
1070 2960 1187 3023 nullus

233 3059 428 3142 ¹Anglorum
449 3060 640 3125 studiorum
663 3060 738 3144 ejus
762 3063 919 3139 aemulus,
943 3061 1059 3125 nullus
1082 3061 1187 3142 glori·
1233 3109 1235 3116 ,
1338 3141 1341 3150 ⁴

232 3177 331 3224 arum
345 3159 420 3243 ejus
432 3179 565 3243 sequax
580 3160 658 3238 fuit,
675 3161 734 3243 qui
746 3163 882 3226 omissae
897 3168 1045 3228 monetae
1060 3161 1187 3224 lineam
1237 3149 1240 3156 ’

232 3267 517 3342 persequeretur:
541 3261 643 3343 pauci
665 3281 752 3343 quos
776 3281 896 3345 aequus
919 3261 1048 3326 amavit
1070 3259 1094 3324 J
1096 3278 1189 3336 esus,

234 3359 392 3443 quamvis
419 3361 529 3424 literis
559 3381 628 3424 non
657 3361 856 3442 ignobiliter
891 3359 1079 3435 informati,
1105 3349 1188 3424 'tota

234 3461 307 3524 vita
320 3461 495 3541 ingratum
516 3467 804 3542 consumpserunt
819 3460 1015 3538 silentium3
1040 3458 1110 3534 alii,
1128 3458 1189 3522 vix

235 3552 486 3642 primis⁴labris
497 3559 575 3622 illas
586 3566 779 3641 gustantes
788 3559 954 3640 ignavum
963 3557 1190 3622 confoverunt

236 3659 356 3724 otium.
409 3657 467 3722 Ita
482 3678 560 3721 cum
574 3677 710 3740 semper
724 3658 824 3740 pigro
836 3658 1034 3722 succederet
1049 3657 1191 3739 pigrior,

272 3833 278 3862 ¹
293 3835 437 3894 Supremam
455 3832 567 3898 efflavit]
584 3834 609 3881 Α
627 3834 700 3882 letter
764 3832 924 3886 ³Sedmodc.
935 3870 941 3885 .
951 3835 1033 3894 ‚saara
1044 3836 1192 3901 confirmat]

236 3901 390 3962 descriptiva
407 3901 436 3950 oi
452 3903 494 3950 the
512 3901 562 3952 last
579 3908 700 3952 momente
728 3904 837 3966 Aelfrid,
854 3920 870 3954 a
885 3906 973 3966 priest,
991 3907 1014 3955 is
1032 3907 1149 3966 reported
1166 3911 1193 3955 to

236 3975 265 4023 of
281 3972 364 4033 Beda,
382 3973 482 4020 written
500 3973 534 4033 by
550 3987 596 4021 one
616 3973 645 4021 of
661 3973 701 4022 his
728 3973 792 4023 have
810 3976 890 4024 stolen
913 3976 1008 4024 Beda’s
1029 3977 1108 4024 bones
1128 3975 1192 4024 from

236 4044 323 4106 pupils
339 4046 441 4103 present
457 4047 484 4090 at
499 4041 542 4091 the
559 4041 702 4093 historian’s
728 4045 838 4105 Jnrrnw,
857 4044 907 4093 and
925 4044 1057 4105 deposited
1075 4045 1143 4092 them
1166 4047 1213 4106 in,

238 4115 324 4174 death,
342 4114 365 4163 is
381 4113 482 4173 printed
498 4113 524 4160 in
537 4113 587 4162 Mr.
600 4113 703 4161 Steven·
728 4114 771 4162 the
783 4113 911 4163 cathedra]
923 4114 1017 4164 church
1028 4113 1058 4163 of
1069 4114 1194 4178 Durham,

237 4185 304 4234 scn’s
315 4183 488 4231 Introduction
504 4186 530 4233 to
542 4183 624 4246 Beda,
642 4183 703 4232 His·
730 4185 756 4232 in
767 4183 809 4232 the
821 4185 892 4245 early
902 4189 960 4246 part
976 4183 1005 4233 oi
1017 4184 1059 4234 the
1078 4185 1193 4234 eleventb

238 4256 303 4304 toria
315 4253 504 4302 Ecclesiastica.
729 4257 843 4314 century.

275 4317 435 4388 ²Erpletis.]
471 4323 505 4373 D.
525 4323 556 4371 E.
576 4323 614 4372 M.
623 4338 631 4384 ;
659 4339 704 4385 op·
766 4319 901 4393 ⁴Lobrr'r.]
919 4324 1097 4388 A.S.G.L.;
1114 4325 1196 4389 libris,

241 4394 326 4456 pletis,
336 4391 370 4441 A.
383 4393 412 4442 S.
427 4394 457 4441 0.
469 4393 500 4442 L.
731 4394 765 4443 D.
779 4395 811 4444 E.
823 4395 861 4444 M.
