3106 4974
204 484 274 531 um.
291 465 334 547 1.]
441 480 555 528 casm
579 480 706 529 aucun
730 479 945 529 annuerunt.
1117 463 1161 529 79

205 644 318 701 vocet.
373 634 569 711 Postremo,
590 635 846 717 quintodecimo
863 636 961 716 regni
977 655 1081 711 anno,
1097 655 1159 699 ex-

205 737 416 820 peditionem
436 735 472 796 in
489 734 610 798 Pictos
634 753 754 816 agens,
778 754 856 798 cum
879 735 950 798 illis
972 736 1008 798 in
1023 742 1159 799 montes

204 836 342 900 abditos
358 834 518 899 consulto
533 834 734 898 cedentibus
749 835 978 917 pervicaciter
999 836 1158 912 instaret,
1172 853 1248 902 nath
1259 855 1286 902 os

207 931 302 998 ¹cum
328 934 488 998 omnibus
516 934 588 997 fere
615 934 725 1015 copiis
755 934 907 998 interiit:
941 935 1044 1017 pauci
1075 934 1159 1016 fuga
1172 918 1281 1022 {iffi

206 1036 297 1118 lapsi
327 1055 400 1097 rem
437 1034 531 1097 domi
561 1035 791 1112 nunciarunt3
824 1035 984 1116 quamvis
1021 1034 1160 1098 divinus

209 1134 434 1210 cuthbertus,
448 1153 512 1215 pro
526 1133 721 1197 futurorum
743 1133 964 1209 conscientia,
983 1142 1019 1198 et
1031 1135 1161 1198 iturum

209 1235 357 1298 retinere
372 1234 607 1316 temptaverit,
619 1240 655 1296 et
668 1234 747 1314 ipsa
761 1232 847 1296 hora
862 1235 1045 1297 occisionis
1059 1234 1161 1315 spiri·

210 1342 282 1398 tum
298 1353 317 1396 e
331 1333 421 1397 coelo
440 1333 506 1396 sibi
530 1332 732 1397 influentem
753 1332 928 1409 hauriens,
943 1333 1162 1397 interfectum

212 1436 336 1497 absens
352 1453 422 1495 non
435 1433 595 1495 tacuerit.

271 1532 364 1615 §52
399 1531 534 1612 Egiridi
563 1551 682 1595 necem
718 1551 797 1595 cum
835 1531 1005 1612 insignior
1036 1531 1163 1615 ubique
1175 1545 1281 1603 maffia,

212 1632 305 1695 fama
326 1632 537 1714 loqueretur,
559 1633 664 1694 etiam
688 1631 733 1694 ad
761 1631 880 1694 fratris
903 1628 1031 1694 Alfridi
1062 1651 1163 1695 aures
1175 1611 1230 1650 Μ’·
1240 1612 1284 1650 ⁶⁸⁵'

213 1725 358 1795 ‘²anxia
381 1730 551 1813 praecipiti
578 1730 736 1813 pervenit
758 1730 907 1813 epistola
929 1732 1067 1813 penna!
1125 1732 1164 1795 Is

213 1833 295 1915 quia
313 1831 453 1907 nothus,
477 1838 518 1894 ut
539 1823 722 1907 ³diximuS,
743 1839 830 1907 erat,
853 1830 1002 1895 factione
1015 1831 1163 1913 optima·

213 1939 298 2008 tum,
310 1931 470 2013 quamvis
479 1931 606 2007 senior,
615 1950 722 2012 regno
734 1930 898 2010 indignus
910 1931 1116 2009 aestimatus
1126 1932 1162 1994 in

215 2029 432 2121 Hiberniam,
455 2049 517 2093 seu
540 2030 576 2093 vi
599 2049 661 2093 seu
683 2030 933 2112 indignatione,
962 2039 1165 2095 secesserat.

214 2131 281 2206 Ibi,
299 2138 341 2194 et
354 2130 433 2194 odio
451 2130 608 2211 germani
624 2136 733 2207 tutus,
757 2137 794 2193 et
806 2149 934 2210 magno
959 2131 1031 2194 otio
1054 2130 1163 2194 literis

213 2232 377 2306 imbutus,
392 2231 485 2293 omni
499 2227 719 2312 philosophia
734 2237 976 2312 composuerat
1000 2231 1162 2292 animum.

219 2329 403 2408 Quocirca,
431 2329 567 2410 imperii
588 2327 731 2393 habenis
759 2329 962 2393 habiliorem
989 2330 1166 2393 aestiman-

168 2444 171 2448 ’
219 2437 284 2506 tae,
298 2430 358 2511 qui
373 2428 547 2511 quondam
570 2429 777 2511 expulerant
793 2429 885 2492 ultro
902 2430 1166 2510 expetiverunt3

217 2528 406 2592 necessitas
430 2528 599 2592 medelam
622 2529 668 2592 ad
692 2547 812 2610 preces
826 2528 964 2592 refudit.
1017 2527 1094 2592 Nec
1109 2547 1169 2591 eos

216 2628 275 2691 ille
300 2648 364 2691 sua
389 2647 451 2711 spe
473 2627 660 2691 frustratus
682 2634 754 2691 est:
779 2620 878 2690 4nam
902 2646 964 2707 per
989 2626 1107 2689 decem
1133 2634 1169 2690 et

219 2747 343 2791 novem
367 2747 476 2790 annos
500 2746 635 2790 summa
658 2746 744 2808 pace
768 2733 804 2789 et
826 2725 954 2807 gaudio
981 2726 1170 2807 provinciae

220 2827 380 2909 praefuit3
411 2826 496 2890 nihil
520 2845 686 2908 unquam,
710 2834 837 2908 praeter
864 2826 901 2888 in
932 2826 1170 2907 persecutione

220 2928 337 3008 magni
352 2925 528 3001 Wilfridi,¹
541 2925 634 3007 quod
661 2925 750 2989 livor
778 2924 869 2988 edax
897 2924 1000 3007 digne
1030 2945 1172 3007 carpere

220 3033 349 3108 posset,
373 3026 572 3089 admittens
626 3023 710 3087 Non
733 3032 849 3089 tamen
875 3025 996 3088 iisdem
1016 3025 1172 3089 terminis

221 3127 345 3207 quibus
360 3133 459 3208 pater
473 3131 509 3188 et
525 3124 633 3188 frater
646 3145 791 3206 regnum
806 3124 934 3203 tenuit3
960 3125 1052 3208 quod
1068 3125 1172 3201 Picti,

218 3225 350 3289 recenti
363 3225 511 3288 victoria
524 3224 712 3288 insolenter
727 3225 838 3302 abusi,
851 3223 1055 3308 Anglosque
1069 3226 1174 3306 longa

221 3345 307 3406 pace
322 3324 519 3406 ignaviores
535 3325 704 3406 aggressi,
720 3323 806 3387 fines
818 3344 938 3388 eorum
954 3326 998 3388 ab
1012 3325 1174 3406 aquilone

222 3424 496 3488 decurtaverant.

258 3636 265 3665 ¹
280 3640 342 3687 Cam
359 3637 469 3686 omnibus
479 3636 535 3696 sere
552 3637 628 3701 copiis
646 3637 685 3685 in-
745 3631 907 3697 ³Diximua]
922 3635 951 3683 C.
961 3633 1081 3685 D.E.M.
1092 3650 1100 3695 ;
1110 3635 1175 3701 dixi,
1195 3633 1198 3638 '

222 3708 313 3771 teriia]
331 3705 437 3770 Ecgfrib
448 3721 503 3755 was
514 3708 580 3755 alain
590 3722 624 3756 on
641 3707 684 3755 tha
710 3703 744 3754 A.
757 3705 786 3755 S.
798 3705 829 3754 L.

221 3779 281 3827 aoth
293 3779 365 3839 May,
376 3777 446 3827 A.D.
458 3781 515 3826 685.
545 3777 593 3826 See
605 3777 686 3837 Beda,
746 3775 835 3824 ⁴Nam
842 3789 887 3837 per
897 3775 1177 3826 decemctaaoemannoe

221 3848 266 3898 lih.
279 3851 403 3898 rucio.
439 3845 686 3896 Sax.Ohron.A.D.
713 3844 915 3907 ....proesuil.]
943 3843 1046 3893 Alhfrit
1070 3847 1129 3894 died
1149 3851 1176 3895 at

223 3921 282 3966 aaa.
713 3914 829 3963 naffieu
845 3929 877 3962 on
895 3914 937 3961 the
950 3915 1009 3962 ran
1021 3915 1094 3974 May,
1105 3914 1175 3963 Ab.

713 3988 771 4032 705.
808 3983 880 4030 Beda
890 3981 947 4047 (lib.
959 3996 983 4032 ν.
995 3997 1018 4032 c.
1032 3980 1075 4045 18)
1082 3984 1178 4046 untes,

259 4053 366 4106 'Auxiu
374 4089 461 4106 .....
471 4053 572 4118 paam]
602 4051 689 4102 Anxia
713 4054 808 4101 ‘Anno
831 4051 972 4100 Dominicae
999 4052 1178 4103 incarnationis
1244 4091 1246 4096 .

115 4143 118 4149 ·
225 4127 351 4188 praecipiti
373 4127 484 4174 venisset
506 4123 613 4186 epistola
634 4123 690 4184 pin,-
715 4135 787 4171 nocv.
809 4120 912 4170 Alhfrid
934 4135 978 4170 rex
1002 4121 1178 4183 Nordanhym·

225 4211 267 4246 na.
303 4197 423 4247 Juvenal.
440 4196 493 4245 Sat.
508 4207 543 4244 ιν.
555 4194 600 4244 lib.
613 4207 632 4243 1.
644 4194 688 4242 lin.
715 4194 815 4242 brorum
826 4190 961 4241 defunctus
972 4196 1020 4253 est,
1031 4205 1096 4240 anno
1107 4193 1178 4256 regni

227 4269 283 4316 149.
715 4263 756 4312 sui
766 4263 886 4312 vicesimo
893 4261 1002 4312 necdum
1013 4261 1133 4324 impleta’
