3106 4974
312 532 313 535 Ἴ
360 451 405 516 34
585 459 699 507 cnsrn
723 456 849 505 nncuu
874 453 1085 504 ancnonuu.
1184 438 1269 518 [mn.
1287 451 1312 499 1.

201 646 296 686 Aecount
305 643 329 682 ol

201 695 351 742 Glutonbury.

363 619 438 676 toto
452 609 632 674 cohorreat
647 619 802 690 corpore.
854 604 889 669 N
891 605 982 669 ullus
998 605 1092 668 intra
1113 602 1315 682 contiguum

364 710 567 776 cimiterium
603 708 659 772 vel
698 725 797 771 avem
830 705 1044 769 venatoriam
1075 701 1228 777 advexit,
1259 699 1316 764 vel

365 807 604 894 quadrupedes
633 806 782 882 induxit,
812 805 872 887 qui
908 803 962 867 sui
990 802 1047 867 vel
1068 802 1119 865 rei
1146 819 1315 884 possessae
1342 831 1347 840 ·

366 907 562 991 indempnis
579 905 713 970 abierit.
766 898 892 967 ¹Ferro
904 902 961 966 vel
979 920 1071 983 aqua
1084 898 1318 974 examinandi,
1404 925 1406 928 ·

367 1010 397 1074 si
421 1008 611 1071 orationem
636 1005 684 1068 ibi
708 1003 953 1086 deposuerunt,
974 1019 1092 1066 omnes
1116 1018 1203 1082 quos
1227 1017 1318 1080 prae-

367 1126 449 1174 sens
470 1105 636 1170 memoria
657 1101 909 1185 complectitur,
931 1121 1002 1165 uno
1025 1105 1184 1182 excepto,
1198 1097 1240 1162 de
1255 1085 1318 1159 ¹sa·

367 1207 441 1270 lute
463 1225 527 1269 sua
548 1203 791 1286 tripudiarunt.
842 1201 879 1264 Si
902 1201 984 1282 quis
1007 1199 1154 1264 evicino
1178 1195 1319 1277 aliquod

370 1304 552 1368 aedificium
566 1301 750 1367 locandum
763 1289 932 1384 putasset,
948 1298 1038 1382 quod
1060 1297 1319 1362 obumbratione

371 1423 435 1468 sua
447 1404 559 1468 lucem
580 1399 749 1466 invideret
768 1399 936 1475 ecclesiae,
950 1398 1064 1481 patuit
1084 1398 1205 1460 ruinae.
1258 1395 1320 1457 Sa-

372 1505 485 1585 tisque
515 1507 653 1565 constat
675 1497 830 1563 homines
856 1498 949 1561 illius
976 1495 1162 1580 provinciae
1190 1493 1322 1557 nullum

373 1603 527 1666 sanctius
542 1599 598 1665 vel
622 1599 774 1662 crebrius
796 1597 1032 1680 juramentum
1054 1595 1192 1672 habere,
1218 1613 1322 1676 quam

374 1721 435 1784 per
462 1706 613 1764 veterem
652 1697 858 1775 ecclesiam3
897 1696 983 1759 nihil
1014 1695 1125 1776 magis
1159 1694 1322 1768 vitantes,

373 1805 468 1862 metu
482 1798 602 1862 celeris
615 1795 791 1873 vindictae,
807 1814 911 1878 qnam
925 1795 1092 1879 peJerare.
1131 1793 1323 1856 Labantem

374 1898 556 1962 veritatem
579 1895 752 1960 dictorum
779 1913 858 1976 quae
883 1893 1137 1977 proposuimus,
1165 1893 1203 1955 in
1235 1891 1323 1954 libro

375 2015 478 2079 quem
491 1997 533 2058 de
549 1995 757 2076 antiquitate
773 1993 927 2077 ejusdem
942 1993 1096 2058 ecclesiae
1112 1991 1323 2073 scripsimus,

376 2115 440 2179 pro
455 2113 617 2158 successu
631 2113 812 2170 annorum,
828 2093 1034 2157 testimoniis
1050 2091 1239 2156 fulciemus.

430 2194 519 2278 521.
553 2193 699 2256 Interim
726 2192 843 2274 palam
869 2193 1003 2256 ¹sactum
1027 2198 1081 2256 est
1106 2191 1229 2254 merito
1259 2187 1327 2251 dici

378 2293 520 2357 coeleste
545 2293 582 2354 in
598 2291 700 2356 terris
724 2291 959 2356 sanctuarium
979 2298 1034 2356 tot
1054 2296 1252 2356 sanctorum
1273 2307 1326 2350 re-

378 2392 617 2456 conditorium.
693 2389 872 2468 Qnantum
908 2410 992 2454 vero
1025 2391 1056 2454 is
1092 2390 1188 2454 locus
1224 2386 1328 2450 suerit

379 2492 488 2556 etiam
512 2488 715 2574 primatibus
742 2491 864 2572 patriae
888 2489 1106 2566 venerabilis,
1134 2496 1173 2552 ut
1196 2486 1244 2550 ibi
1265 2505 1328 2568 poa

380 2590 550 2655 tissimum
566 2591 630 2653 sub
640 2589 853 2671 protectione
865 2589 933 2652 Dei
944 2589 1120 2669 genitricis
1129 2587 1327 2671 opperirene-

379 2697 437 2754 tur
460 2690 551 2753 diem
576 2689 846 2764 resurrectionis,
874 2687 975 2770 plura
1002 2695 1085 2751 sunt
1112 2672 1329 2760 documenta,

381 2789 505 2871 quibus
520 2807 583 2869 pro
598 2786 735 2851 cautela
752 2785 882 2850 fastidii
903 2786 1071 2850 abstineo.
1123 2785 1216 2848 Illud
1236 2784 1329 2866 quod
1358 2838 1360 2842 .

382 2907 470 2969 pene
494 2886 584 2949 clam
609 2885 768 2950 omnibus
796 2893 849 2948 est
871 2885 1019 2949 libenter
1043 2884 1277 2967 praedicarem,
1299 2882 1330 2944 si

382 2986 563 3049 veritatem
577 2984 762 3066 exculpere
783 3002 932 3066 possem,
947 2985 1029 3067 quid
1051 2984 1121 3046 illae
1135 2981 1329 3066 pyramides

384 3083 450 3147 sibi
475 3082 595 3159 velint,
621 3102 712 3164 quae,
732 3084 918 3164 aliquantis
941 3083 1084 3166 pedibus
1115 3084 1158 3146 ab
1187 3073 1331 3145 ecclesia

383 3182 445 3246 illa
465 3181 602 3264 positae,
628 3182 830 3245 cimiterium
852 3181 1098 3245 monachorum
1122 3185 1331 3266 praetexunt.

386 3279 572 3344 Procerior
596 3299 691 3356 sane,
721 3289 756 3344 et
783 3270 1009 3363 propinquior
1034 3281 1200 3357 ecclesiae,
1229 3279 1334 3342 habet

386 3381 537 3461 quinque
553 3378 742 3456 tabulatus,
758 3386 793 3442 et
809 3379 1026 3443 altitudinem
1039 3381 1164 3460 viginti
1178 3384 1257 3443 octo
1273 3397 1333 3458 pe-

386 3478 488 3542 dum:
512 3478 598 3554 haec,
616 3497 688 3560 praa
713 3478 818 3542 nimia
842 3479 895 3541 sui
910 3486 1084 3543 vetustate
1107 3479 1172 3542 etsi
1199 3477 1335 3541 ruinam

386 3579 547 3654 minetur,
563 3577 669 3641 habet
682 3584 799 3641 tamen
815 3578 1032 3659 antiquitatis
1052 3577 1219 3641 nonnulla
1238 3595 1334 3658 spec-

387 3677 515 3752 tacula,
542 3695 620 3756 quac
645 3675 748 3756 plane
774 3683 920 3758 possunt
943 3677 1025 3764 legi,
1043 3675 1125 3740 licet
1145 3697 1215 3740 non
1236 3675 1336 3758 plene

387 3773 522 3854 possint
534 3773 693 3854 intelligi.
746 3774 791 3837 In
805 3775 973 3856 superiori
993 3774 1085 3838 enim
1103 3776 1264 3840 tabulatu
1286 3780 1339 3837 est

387 3873 503 3953 imago
527 3871 717 3953 pontificali
744 3873 923 3938 ‘schemate
952 3873 1055 3938 sacta.
1108 3875 1154 3938 In
1188 3873 1338 3938 secundo

423 4146 522 4196 ¹Ferro
541 4150 579 4197 vel
594 4165 655 4210 oque
672 4149 850 4212 examinandi]
887 4149 1037 4209 solemnity3
1065 4147 1107 4196 the
1129 4145 1207 4194 rituol
1228 4159 1287 4205 may
1308 4145 1341 4192 be

387 4217 450 4264 This
468 4217 555 4265 ordeal
571 4233 625 4266 was
637 4234 653 4267 a
663 4219 721 4267 trial
738 4219 767 4267 ol
781 4224 852 4280 great
887 4233 946 4268 seen
956 4220 983 4268 in
994 4218 1121 4280 Spelman,
1132 4231 1186 4266 voce
1198 4215 1342 4264 Ordnlium.
