3162 4972
415 482 481 548 166
639 495 753 544 onsrn
776 495 903 544 nncuu
928 495 1140 542 nncuonuu.
1221 479 1364 560 [man.

256 677 359 742 cuna
416 656 547 736 timque
561 653 674 736 ipsum
689 647 842 735 ¹glomus
858 652 1028 733 fulgidum
1050 652 1141 716 sicut
1157 651 1264 736 jubar
1279 652 1369 740 ¹solis

256 741 334 771 '¹⁸⁰³'
418 753 650 818 coadunatum
659 759 713 816 est
724 761 836 816 totum
849 753 884 815 in
899 771 1005 815 mauu
1015 751 1108 814 illius
1121 771 1129 815 :
1148 753 1276 833 sicque,
1290 757 1371 833 post

419 854 486 917 hoc
514 852 644 915 sactum
668 851 835 928 mirabile,
857 870 1017 915 reversus
1037 857 1090 914 est
1112 851 1253 933 spiritus
1273 869 1370 914 meus

420 954 457 1017 in
474 970 618 1034 corpore
640 969 716 1014 meo
730 949 833 1014 valde
851 947 963 1013 sessus
977 957 1013 1013 et
1027 950 1246 1014 conterritus.
1298 950 1371 1013 De-

421 1053 526 1133 nique
547 1052 660 1114 sciant
686 1069 805 1114 omnes
830 1048 957 1135 (velint
986 1068 1032 1112 an
1053 1046 1182 1132 nolint)
1208 1050 1371 1133 quoniam

421 1148 610 1214 secundum
623 1149 886 1212 destinationem
900 1149 968 1212 Dei
981 1150 1018 1211 in
1030 1168 1135 1212 manu
1147 1149 1240 1212 illius
1257 1168 1373 1212 rever-

422 1257 517 1314 tetur
529 1255 641 1314 totum
655 1249 835 1331 imperium
845 1248 1100 1312 Romanorum:
1116 1255 1151 1312 et
1166 1248 1258 1329 quod
1270 1266 1375 1329 super

423 1349 537 1432 ipsum
565 1368 635 1410 non
660 1347 836 1430 praevaleo
858 1367 973 1429 agere,
999 1347 1219 1431 praeripiente
1240 1366 1295 1410 me
1317 1365 1374 1410 ar-

425 1448 532 1511 ticulo
547 1447 740 1512 vocationis
763 1465 861 1523 meae,
878 1447 987 1524 DeuS,
1012 1447 1070 1528 qui
1085 1449 1243 1510 vivorum
1263 1445 1372 1508 domi·

426 1554 531 1610 natur
560 1553 596 1609 et
625 1553 851 1621 mortuorum,
881 1544 966 1609 illud
992 1545 1147 1627 perficiet
1179 1553 1215 1610 et
1248 1545 1373 1608 confir-

426 1645 554 1723 mabit3
577 1645 677 1728 cujus
703 1653 871 1708 aeternum
897 1653 933 1708 et
957 1645 1203 1726 sempiternum
1227 1663 1373 1725 regnum

426 1751 606 1827 permanet
620 1745 695 1806 sine
709 1743 777 1807 fine
789 1744 826 1806 in
840 1743 958 1807 secula
971 1745 1174 1808 seculorum.
1227 1742 1363 1807 Amen’

464 1836 767 1926 §l]2.²Visionem
776 1843 893 1917 istam,
903 1851 938 1906 et
947 1860 1130 1924 regnorum
1141 1843 1374 1925 partitionem,

428 1943 543 2007 verbis
554 1943 679 2024 quihus
694 1935 842 2023 ³scn'pta
854 1941 984 2019 inveni,
999 1941 1055 2006 hic
1065 1935 1241 2024 ⁴apposui.
1293 1939 1375 2004 Hoc

265 2069 375 2108 nossa.
429 2061 513 2122 ergo
532 2041 665 2105 Karolo
682 2034 761 2105 ⁵vix
776 2040 910 2104 duobus
935 2041 1036 2104 annis
1051 2048 1225 2124 potestate
1240 2039 1378 2122 integra

268 2163 354 2222 cnm..
367 2163 388 2203 ιο
428 2141 563 2222 imperii
577 2148 612 2203 et
628 2141 726 2221 regni
742 2139 874 2217 functo,
889 2134 1075 2204 “successit
1087 2141 1124 2203 in
1141 2159 1248 2221 reguo
1261 2139 1376 2202 Karo-

267 2213 417 2300 ii¹³¹3¹³¹‘'A'⁰'
429 2239 497 2316 lue,
517 2239 609 2302 filius
627 2239 720 2302 illius
743 2239 918 2303 Lodowici
934 2241 993 2320 qui
1019 2239 1112 2322 apud
1127 2239 1376 2320 Compendium

268 2365 377 2406 anon.
428 2339 524 2401 obiit.
576 2336 648 2400 Hic
666 2345 719 2401 est
734 2337 888 2401 Karolus
909 2339 969 2420 qui
984 2338 1090 2403 filiam
1108 2337 1270 2402 Edwardi
1285 2337 1378 2419 regis

431 2436 624 2518 Anglorum
636 2455 782 2500 uxorem
799 2436 913 2515 duxit,
929 2430 1108 2521 ⁷deditque
1126 2435 1377 2501 Normauniam

427 2536 573 2601 -Rolloni
598 2554 676 2598 cum
698 2535 769 2600 filia
791 2555 856 2600 sua
867 2535 980 2614 Gisla,
995 2557 1073 2620 quae
1087 2545 1180 2600 esset
1191 2556 1254 2602 vas
1268 2536 1377 2619 pacis,

431 2630 664 2718 ⁸pigneratrix
683 2635 832 2699 foederis.
885 2634 936 2699 At
955 2656 1038 2701 vero
1065 2637 1102 2700 in
1131 2636 1274 2719 imperio
1300 2653 1377 2698 suo·

467 2814 476 2846 ¹
499 2812 623 2884 Glaucea]
641 2817 713 2865 With
732 2817 783 2867 this
802 2832 895 2878 excep·
920 2817 1237 2879 Rhoims,2rthJau.aaa.
1262 2820 1305 2868 He
1316 2834 1382 2870 mar·

432 2888 494 2947 tion,
506 2887 632 2948 ‘glomus'
652 2887 675 2935 is
693 2888 792 2935 written
809 2887 836 2934 iu
852 2886 894 2934 the
918 2885 1380 2952 riedEadgiva,orEadgyfu,daugh·

432 2957 572 3005 masculine
584 2955 679 3017 gender
688 2955 843 3017 throughout
852 2955 895 3003 the
919 2960 958 3004 ter
967 2956 997 3005 ol
1009 2957 1153 3007 Eadweard
1163 2959 1206 3007 the
1218 2959 1304 3020 Elder,
1315 2960 1378 3021 king

433 3027 524 3076 vision.
560 3026 607 3074 See
618 3029 677 3073 note
688 3023 708 3087 ⁴,
719 3025 793 3074 infra.
920 3025 949 3074 of
965 3026 1092 3088 England‚
1102 3028 1173 3078 An).
1184 3033 1249 3088 0193
1266 3028 1316 3077 aud
1327 3029 1377 3077 had

468 3089 617 3143 'Victorem
638 3093 711 3142 istam
734 3129 741 3143 .
761 3127 768 3143 .
788 3127 794 3143 .
816 3093 897 3142 verbu
920 3095 954 3155 by
970 3095 1016 3144 her
1031 3111 1047 3144 a
1065 3111 1119 3158 sou,
1138 3097 1286 3147 afterwards
1301 3098 1380 3147 Louis

434 3163 522 3226 quihus
532 3164 624 3227 scriptu
635 3159 739 3231 invent]
753 3164 800 3212 See
813 3168 871 3212 note
877 3160 896 3225 ⁶,
920 3165 967 3213 IV.
976 3165 1039 3228 king
1050 3165 1079 3214 ol'
1087 3167 1192 3228 France,
1203 3168 1285 3216 called
1296 3167 1379 3216 d’Ou·

435 3249 463 3294 p.
475 3237 533 3280 loo,
919 3239 1019 3284 tremer.
1060 3235 1092 3283 In
1109 3237 1177 3285 June
1202 3241 1251 3285 923
1276 3237 1308 3286 he
1324 3251 1380 3286 was

470 3299 481 3330 ³
492 3301 614 3365 Scripta]
632 3301 662 3352 S.
676 3303 705 3351 C.
717 3302 750 3352 Ε.
761 3302 793 3352 L.
802 3318 810 3363 ς
818 3302 897 3362 scrip·
920 3303 994 3352 made
1005 3304 1118 3364 prisoner
1127 3307 1162 3367 by
1173 3305 1292 3367 Herbert,
1303 3310 1380 3355 count

434 3373 496 3432 tam,
506 3370 540 3420 A.
552 3371 587 3420 D.
599 3371 638 3420 M.
920 3373 949 3422 of
961 3371 1125 3436 champagne
1139 3375 1189 3424 and
1200 3377 1381 3436 Vermandois3

472 3437 482 3470 ⁴
496 3439 627 3505 Apposui]
645 3439 674 3490 S.
691 3442 721 3491 C.
737 3441 772 3490 D.
785 3442 817 3490 E.
830 3439 896 3488 Ia-
920 3442 971 3491 aud
989 3443 1050 3492 died
1066 3445 1092 3491 in
1108 3444 1194 3505 prison
1211 3450 1238 3493 at
1256 3446 1381 3507 Peranna,

435 3507 510 3558 Alter
520 3513 527 3537 ‘
536 3510 662 3571 apposui,’
672 3510 706 3560 A.
714 3511 789 3560 reads
805 3511 897 3558 ‘Unde
921 3527 953 3561 on
968 3512 1010 3560 the
1022 3513 1066 3562 tth
1077 3514 1106 3563 of
1113 3514 1233 3577 October,
1242 3514 1313 3565 Aa).
1322 3519 1380 3564 929.

436 3581 462 3625 et
483 3580 618 3638 glomerem
635 3582 775 3629 masculino
797 3594 897 3643 genere,
955 3576 1107 3645 ⁷Deditque
1129 3585 1304 3632 Nmnunninm
1323 3585 1384 3632 Rol-

435 3647 503 3694 sicut
513 3649 539 3695 iu
550 3649 689 3708 exemplari
699 3655 815 3710 corrupte
821 3650 897 3698 habe·
920 3649 991 3714 loni]
1015 3653 1102 3700 About
1122 3653 1165 3701 the
1186 3669 1248 3714 year
1265 3658 1324 3715 ala,
1340 3654 1382 3702 the

435 3713 520 3776 batur,
530 3717 624 3776 posui.’
921 3721 1047 3771 Normans
1057 3723 1148 3771 settled
1158 3724 1184 3770 iu
1193 3724 1324 3784 Naustria,
1332 3724 1383 3772 and

397 3791 400 3801 ·
471 3780 482 3808 ⁶
497 3783 549 3832 Vix
559 3783 730 3833 duobusramis
742 3820 748 3835 .
758 3820 764 3834 .
775 3785 897 3849 .sancto.]
922 3789 1028 3838 Charles
1045 3792 1174 3840 bestowed
1195 3793 1235 3842 his
1257 3793 1383 3855 daughter

437 3849 898 3918 Oharlesdiduotsurvivetwoyears,
922 3859 1382 3924 Gisle,orGiselle,upouRollo,lirst

437 3921 488 3970 aud
502 3923 562 3972 died
572 3938 604 3972 ou
615 3924 658 3972 the
667 3925 726 3973 rath
742 3941 771 3974 or
782 3925 842 3972 rath
852 3925 899 3975 Ja·
922 3928 991 3977 duke
1003 3929 1032 3978 ol'
1041 3931 1200 3993 Normaudy,
1211 3947 1279 3993 upon
1296 3932 1382 3981 condi-

436 4005 528 4055 uuary,
538 3993 609 4042 A.D.
621 3997 678 4048 888,
922 3999 974 4046 tion
979 3997 1048 4048 ofhis
1055 4002 1201 4062 embracing
1207 4001 1383 4062 Christianity.

471 4059 616 4111 ⁶Sueceteit
633 4064 661 4110 in
677 4077 752 4125 reg-tro
769 4065 898 4128 Koreton]
957 4065 1145 4130 ⁸Pt‘gneratrix
1151 4069 1276 4131 sedem]
1297 4072 1328 4119 In
1345 4073 1383 4119 al-

436 4126 553 4193 Charlee,
570 4133 652 4181 called
664 4133 700 4180 Le
716 4134 820 4195 Simple,
830 4141 899 4194 post-
922 4136 1004 4186 lusion
1022 4141 1162 4202 seemiugly
1172 4146 1198 4190 to
1212 4142 1254 4190 the
1268 4155 1342 4189 name
1357 4140 1386 4189 of

435 4197 543 4249 humour
559 4215 605 4249 son
619 4202 648 4248 os
662 4202 741 4250 Louis
756 4203 781 4251 le
799 4202 898 4265 Begue,
923 4205 1050 4256 Charles's
1067 4209 1194 4272 daughter
1215 4211 1298 4273 Gisle,
1320 4211 1338 4260 i.
1359 4225 1383 4260 e.

435 4281 489 4316 was
506 4270 623 4318 crowned
639 4271 702 4330 king
718 4271 747 4320 oi
759 4272 856 4322 Franco
872 4277 899 4321 at
922 4273 1049 4337 ‘pledge'
