3112 4968
193 507 264 555 mu.
280 488 336 568 11.]
422 501 536 550 eesrr
560 501 687 551 aueuu
712 502 926 550 nuceonuu.
1079 486 1144 550 351

195 660 363 743 singulari
391 658 551 740 exemplo
577 657 782 740 respexerit.
851 656 949 721 Mors
979 657 1015 720 in
1050 676 1144 720 com-

195 779 299 824 mune
320 761 412 824 bona
437 766 491 822 est
515 758 694 821 omnibus:
722 774 882 839 peream
901 756 1020 838 justus
1044 776 1144 841 repo.-

195 861 290 924 nitur
314 860 351 922 in
374 858 585 932 coelestibus,
606 857 758 939 injustus
784 857 883 938 ponit
907 855 1011 920 ferias
1037 857 1145 920 scele-

195 960 312 1038 ribus3
336 958 449 1021 malus
473 957 534 1020 dat
554 956 700 1038 flagitiis
720 957 915 1032 terminum,
933 957 1043 1019 bonus
1066 976 1144 1038 per·

195 1059 308 1123 tendit
330 1058 375 1121 ad
396 1058 574 1134 bravium
603 1063 744 1119 sanctus
767 1056 979 1139 propinquat
1003 1056 1047 1119 ad
1068 1055 1144 1138 pal-

197 1177 300 1235 mam,
315 1164 478 1240 peccator
499 1162 635 1238 spectat
652 1155 696 1218 ad
712 1156 861 1231 veniam,
876 1156 969 1237 quod
990 1154 1067 1236 figit
1082 1155 1145 1218 fla·

198 1259 294 1338 gitiis
317 1262 455 1320 metam.
509 1254 643 1318 Gratiae
660 1255 768 1336 igitur
781 1254 864 1317 mihi
879 1255 1047 1318 habendae
1065 1263 1147 1319 sunt

200 1358 338 1421 illorum
370 1357 446 1421 vice
475 1354 534 1436 qui
565 1355 673 1418 tantis
703 1354 850 1418 miseriis
882 1355 1035 1436 exempti
1066 1362 1147 1419 sunt

198 1477 275 1520 meo
292 1475 441 1519 munere.
495 1454 586 1517 Haec
607 1454 724 1531 habui,
741 1473 820 1535 quae
837 1474 901 1536 pro
917 1474 972 1516 me
987 1454 1147 1531 dicerem,

198 1564 238 1620 ut
266 1563 401 1620 vestras
429 1553 637 1618 assertiones
665 1571 880 1617 evacuarem.
948 1553 1028 1630 Sed,
1059 1574 1147 1636 quo-

198 1656 293 1719 niam
312 1664 348 1719 et
367 1673 452 1717 meae
471 1661 506 1717 et
520 1663 646 1718 vestrae
672 1653 955 1718 ratiocinationes
969 1652 1043 1716 falli
1065 1672 1146 1736 pos-

199 1762 293 1833 sunt,
320 1754 575 1819 committamus
595 1754 711 1817 omnia
732 1752 851 1816 divino
873 1753 1046 1816 examini:
1071 1773 1147 1816 cor·

199 1873 264 1937 pus
282 1873 407 1930 meum,
425 1861 682 1916 antecessorum
697 1871 793 1916 more
810 1853 1052 1934 compositum,
1066 1860 1148 1916 ante

195 1955 324 2038 januas
347 1952 501 2017 ecclesiae
518 1953 651 2032 sistite;
671 1951 791 2034 januae
807 1951 893 2015 seris
918 1958 953 2015 et
973 1952 1148 2034 repagulis

201 2053 429 2116 damnentur:
454 2053 492 2115 -si
515 2052 613 2116 Deus
636 2051 786 2116 voluerit
811 2058 852 2116 ut
875 2052 1060 2134 ingrediar,
1086 2071 1148 2135 ap-

200 2152 372 2236 plaudetis
394 2151 580 2230 miraculo;
604 2151 659 2213 sin
675 2152 801 2226 minus,
819 2152 861 2214 de
883 2151 1050 2214 cadavere
1072 2171 1149 2215 meo

202 2253 306 2316 facite
320 2251 413 2333 quod
427 2252 543 2332 potius
556 2250 682 2314 vestris
697 2250 863 2314 insederit
877 2250 1024 2313 animis?

254 2351 363 2435 §203.
388 2350 469 2412 Hac
490 2350 637 2431 permoti
661 2350 829 2425 oratione,
847 2369 925 2413 cum
941 2350 1000 2413 ille
1016 2343 1148 2414 ¹extre·
1161 2365 1283 2405 Amuaelo.

203 2470 295 2513 mum
314 2449 476 2525 efflasset,
500 2456 580 2513 ante
596 2456 715 2531 portas
738 2449 824 2512 seris
846 2451 1003 2513 occlusas
1027 2451 1148 2513 exani·

202 2551 268 2613 mis
293 2549 453 2632 praesulis
473 2550 619 2612 exuvias
643 2549 847 2630 deportant;
871 2549 932 2612 sed
959 2569 1041 2613 mox
1063 2549 1152 2614 divi-

202 2650 297 2713 nitus
318 2650 420 2712 turbo
446 2649 604 2724 emissus,
627 2649 743 2711 omnia
766 2649 1010 2730 repagulorum
1036 2650 1152 2713 obsta·

203 2749 283 2813 cula
311 2749 523 2830 dirumpens,
551 2748 674 2811 valvas
697 2748 801 2811 etiam
823 2748 930 2830 ipsas,
955 2748 1150 2812 vehementi

203 2848 395 2931 patefactas
406 2848 550 2929 impetu,
565 2847 608 2910 ad
622 2847 790 2929 parietem
805 2847 954 2929 impulit.
995 2847 1151 2930 Populus

203 2955 323 3012 astans
345 2948 515 3011 acclamat
537 2948 574 3009 in
596 2947 782 3029 gaudium:
814 2947 989 3029 pontificis
1025 2968 1151 3031 corpus

203 3067 280 3111 cum
296 3041 470 3131 ²patribus
484 3047 609 3110 celebri
624 3048 848 3111 veneratione
862 3047 1025 3111 locatum.

270 3239 318 3284 DE
341 3237 507 3286 MULIERE
530 3236 713 3283 MALEFIOA
739 3235 763 3282 A
790 3235 1009 3283 DAEMONIBUS
1032 3237 1078 3284 ΑΒ

476 3336 646 3382 EGGLESIA
669 3335 878 3383 EXTRAGTA.

256 3443 371 3525 §aot
396 3442 543 3506 Hisdem
566 3441 687 3504 diebus
716 3442 827 3504 simile
855 3441 934 3505 huic
961 3442 997 3504 in
1020 3439 1152 3522 Anglia
1164 3459 1318 3499 Thewltehor

204 3542 362 3624 contigit,
378 3562 446 3605 non
462 3560 612 3622 superno
629 3541 808 3617 miraculo,
831 3541 890 3603 sed
913 3540 1048 3604 inferno
1062 3561 1151 3623 prae·
1164 3511 1275 3560 ³⁰¹⁸⁸¹⁰y‘

206 3643 330 3723 stigi03
357 3642 552 3724 quodcum
582 3640 744 3716 retulero,
771 3659 840 3703 non
864 3640 1040 3704 vacillabit
1067 3641 1151 3704 fides

205 3741 359 3806 historiae
392 3742 456 3805 etsi
485 3748 617 3804 mentes
642 3740 837 3803 auditorum
861 3741 931 3803 sint
954 3740 1151 3804 incredulae.

207 3841 283 3922 Ego
306 3841 391 3904 illud
416 3861 438 3904 a
463 3839 526 3904 tali
551 3842 627 3904 viro
650 3839 779 3916 audivi,
804 3841 864 3922 qui
890 3859 927 3903 se
944 3839 1073 3904 vidisse
1093 3841 1153 3924 ju-

240 4140 250 4172 ¹
269 4143 415 4190 Extremum
431 4136 563 4208 efflasset]
589 4142 618 4190 C.
634 4141 666 4190 E.
728 4137 893 4204 2Patribus]
913 4143 942 4191 C.
962 4142 996 4192 D.
1015 4144 1065 4203 E.;
1085 4158 1156 4205 pres·

206 4210 668 4332 figerbtremumefflassetspiritum,
692 4211 797 4330 meri?
828 4211 858 4261 S.
886 4212 935 4273 L.;
963 4213 1157 4274 praedecessori·

233 4319 239 4334 ⁸
275 4319 281 4332 Ι
320 4316 327 4332 1
743 4315 751 4344 ‚
789 4316 795 4330 Ι
