3112 4968
401 453 469 522 378
623 471 738 520 unsri
761 471 888 521 arcun
911 469 1126 520 suenorum
1211 457 1295 538 [ma.
1314 473 1354 520 ιι.

241 647 334 688 vesu..
403 635 439 692 et
451 646 606 710 quaerere
621 647 762 692 causam
777 625 967 704 ardentius,
979 619 987 657 ¹
997 633 1037 690 ut
1046 625 1260 709 supplicibus
1275 626 1350 708 dig-

402 735 526 793 nanter
538 747 610 792 rem
627 729 858 811 impertiatur.
898 726 976 804 Ille,
993 726 1140 790 multum
1156 732 1350 804 cunctatus,

402 827 542 891 tandem
556 827 766 892 instantibus
786 827 876 890 mira
892 826 1091 908 respondit:
1115 823 1254 907 Septem
1270 825 1349 889 dor-

392 926 546 990 mientes
562 927 600 990 in
615 925 723 990 Caelio
734 918 1094 1008 monte²requiescere
1101 923 1177 1008 jam
1190 923 1349 988 ducentis

401 1025 502 1088 annis
515 1027 552 1089 in
568 1025 692 1090 dextro
704 1024 861 1109 jacentes
878 1024 987 1088 latere
1000 1043 1008 1104 ;
1025 1023 1086 1088 scd
1099 1029 1195 1100 tunc,
1210 1023 1246 1087 in
1262 1023 1348 1087 hora

400 1124 479 1206 ipsa
504 1125 594 1188 risus
619 1125 685 1201 sui,
711 1124 804 1189 latus
827 1123 1010 1188 invertisse
1033 1123 1232 1202 sinistrum3
1255 1122 1346 1186 iutu-

399 1241 476 1286 rum
501 1231 542 1288 ut
567 1224 790 1306 septuaginta
815 1228 966 1305 quatuor
989 1222 1090 1286 annis
1119 1223 1170 1286 ita
1192 1222 1347 1305 jaceant,

400 1322 512 1386 dirum
529 1323 689 1386 nimirum
712 1323 847 1386 miseris
868 1321 1072 1385 mortalibus
1088 1339 1201 1384 omen.
1253 1320 1347 1385 Nam

399 1423 517 1486 omnia
531 1429 680 1486 ventura
700 1422 737 1485 in
758 1421 813 1486 his
832 1421 1055 1503 septuaginta
1076 1427 1226 1501 quatuor
1248 1421 1348 1484 annis

400 1540 479 1602 quae
496 1521 667 1585 Dominus
689 1521 782 1584 circa
797 1520 901 1584 finem
927 1519 1046 1582 mundi
1062 1519 1228 1602 praedixit
1243 1518 1347 1582 disci·

400 1621 492 1701 pulis
512 1621 605 1700 suis;
629 1626 788 1701 ‘gentem
810 1625 933 1683 contra
949 1626 1088 1700 gentem
1105 1625 1348 1695 surrecturam,

398 1725 437 1782 et
466 1739 612 1801 regnum
649 1719 816 1784 adversus
848 1736 1006 1800 regnum,
1036 1723 1255 1782 terraemotus
1287 1737 1349 1800 per

400 1817 489 1895 loca,
511 1817 742 1900 pestilentiam
760 1825 796 1882 et
808 1817 946 1895 famem,
962 1824 1114 1882 terrores
1136 1817 1180 1880 de
1201 1817 1291 1880 coelc
1313 1824 1348 1881 et

400 1917 501 1997 signa
522 1936 661 1999 magna,
675 1936 859 1999 regnorum
874 1917 1096 1992 mutationes
1114 1915 1295 1997 gentilium
1311 1917 1347 1979 in

400 2014 617 2080 Christianos
639 2016 743 2092 bella,
766 2017 849 2080 item
868 2013 1154 2080 Christicolarum
1176 2015 1215 2077 in
1236 2034 1347 2097 paga-

398 2135 464 2178 nos
476 2115 666 2179 victorias!
715 2115 819 2178 Talia
839 2115 1045 2178 mirantibus
1067 2113 1246 2177 inculcans
1267 2133 1348 2197 pas·

400 2213 533 2278 sionem
556 2221 690 2298 septem
703 2199 958 2291 dormientium,
979 2220 1015 2277 et
1034 2212 1252 2276 habitudines
1275 2233 1347 2277 cor-

400 2333 523 2396 porum
548 2315 774 2395 singulorum,
801 2331 889 2396 quas
916 2311 1014 2376 nulla
1039 2312 1142 2376 dccet
1163 2312 1277 2389 litera,
1299 2313 1348 2376 ita

399 2419 558 2495 prompte
582 2413 744 2477 disseruit
765 2431 807 2476 ac
831 2411 961 2475 sicum
982 2411 1032 2475 eis
1054 2410 1255 2493 quotidiano
1276 2412 1348 2476 vic·

397 2513 521 2575 titaret
534 2513 772 2577 contubernio.
821 2511 890 2574 His
907 2510 1047 2588 auditis,
1062 2530 1177 2574 comes
1193 2511 1348 2589 militem,

397 2611 583 2694 episcopus
609 2611 783 2687 clericum,
812 2611 920 2674 abbas
948 2610 1167 2687 monachum,
1190 2610 1234 2673 ad
1260 2612 1349 2675 veri·

400 2717 509 2774 tatem
532 2713 715 2775 verborum
737 2709 1018 2792 exsculpendam,
1042 2708 1234 2774 Manicheti
1256 2708 1348 2774 Con·

398 2811 712 2894 stantinopolitano
725 2809 926 2892 imperatori
942 2809 1078 2885 misere,
1096 2809 1241 2892 adjectis
1257 2811 1348 2890 regis

400 2909 456 2972 sui
472 2909 582 2973 literis
598 2916 633 2974 et
646 2909 858 2973 muneribus.
897 2909 969 2972 llos
984 2907 1055 2984 illc,
1070 2908 1218 2989 benigne
1233 2927 1348 2972 secum

399 3007 550 3085 habitos,
571 3010 733 3092 episcopo
750 3007 879 3090 Ephesi
893 3007 1094 3084 destinavit,
1115 3006 1265 3089 epistola
1285 3027 1348 3089 pa-

400 3107 485 3170 riter
501 3126 604 3187 quam
628 3126 764 3171 sacram
776 3113 905 3172 vocant
921 3107 1119 3183 comitante,
1137 3113 1177 3170 ut
1190 3107 1348 3170 ostende-

401 3210 521 3268 rentur
533 3205 658 3288 legatis
674 3207 766 3289 regis
783 3205 923 3289 Angliac
939 3199 1090 3288 ³septem
1104 3205 1347 3270 dormientium

438 3474 447 3507 ¹
464 3478 499 3527 Ut
509 3478 659 3541 supplicibus
670 3479 803 3542 dignanter
814 3494 864 3528 rem
890 3477 984 3528 retired
1002 3482 1029 3526 to
1047 3492 1064 3526 a
1082 3492 1154 3540 cave,
1170 3477 1275 3528 whence
1290 3479 1352 3540 they

403 3545 583 3616 imperitatum]
608 3548 642 3598 A.
660 3550 690 3598 S.
710 3549 744 3597 D.
763 3549 796 3598 Ε.
816 3549 864 3608 L.;
891 3547 1041 3609 dispatched
1051 3547 1118 3596 their
1128 3547 1260 3596 attendant
1274 3563 1350 3598 occa-

403 3622 434 3666 ut
456 3618 616 3679 supplicibus
639 3631 692 3668 rem
714 3619 865 3680 diligentius
891 3617 1000 3678 sionally
1020 3621 1047 3666 to
1074 3617 1200 3678 purchaee
1227 3617 1287 3666 foed
1311 3618 1351 3666 ior

399 3688 614 3748 tmperuaturffi.
890 3687 967 3737 them.
1004 3687 1111 3749 Decius,
1121 3687 1227 3748 hearing
1243 3687 1304 3744 this,
1314 3703 1354 3736 or·

439 3753 640 3820 'RequiesceraJ
657 3757 707 3818 E.;
726 3757 866 3819 quiescere,
891 3756 970 3805 dered
985 3756 1028 3804 the
1047 3756 1135 3804 mouth
1146 3755 1175 3804 ol
1187 3757 1230 3805 the
1248 3771 1309 3806 cave
1326 3762 1352 3806 to

403 3823 438 3875 Α.
451 3825 480 3876 S.
494 3827 524 3876 C.
537 3825 571 3875 D.
582 3827 614 3876 L.
891 3828 923 3875 be
935 3826 1042 3887 stopped
1052 3841 1088 3887 up
1097 3821 1174 3876 while
1181 3826 1224 3874 the
1232 3825 1354 3888 fugitives

430 3893 867 3959 ³Septemdormientiumowrtiricles
891 3911 959 3945 were
974 3896 1097 3958 sleeping.
1132 3895 1207 3944 After
1217 3910 1234 3944 a
1243 3897 1315 3958 lapse
1327 3896 1356 3944 of

403 3964 520 4026 cassim]
531 3965 585 4015 The
596 3967 792 4027 sevensleepers
798 3980 867 4014 were
892 3980 960 4016 some
980 3965 1096 4015 hundred
1113 3980 1198 4027 years,
1215 3980 1232 4014 a
1250 3971 1309 4027 part
1326 3965 1356 4014 ol

402 4035 560 4086 inhabitants
570 4035 599 4084 of
604 4035 738 4097 Ephesus:
750 4035 791 4085 six
798 4047 866 4084 were
891 4036 934 4084 the
951 4047 1069 4096 masonry
1079 4039 1106 4084 at
1116 4035 1159 4083 the
1175 4035 1263 4084 mouth
1274 4036 1303 4084 of
1310 4036 1352 4084 the

404 4119 509 4166 persons
531 4104 561 4154 oi
579 4119 647 4154 some
677 4117 866 4166 consequence;
892 4120 954 4154 cave
965 4105 1118 4168 falling,the
1129 4103 1195 4167 light
1205 4105 1307 4167 herting
1325 4104 1353 4154 in

404 4175 562 4224 theseventh
576 4175 642 4224 their
652 4180 762 4226 senent.
798 4175 867 4222 Dur·
892 4175 1033 4224 awakened
1044 4175 1121 4225 thern.
1156 4174 1353 4237 Thinkingthey

404 4245 448 4308 ing
464 4245 508 4295 the
519 4245 618 4294 Decian
635 4243 795 4307 persecuti'cn
806 4245 867 4306 they
892 4245 943 4294 hed
954 4245 1061 4308 enjoyed
1072 4260 1089 4294 a
1100 4244 1166 4306 good
1181 4245 1276 4308 night’s
1292 4249 1355 4306 rest,
