3106 4974
227 513 296 563 nm.
313 495 356 578 1.]
452 511 565 559 casm
589 512 716 561 arcun
740 511 953 560 rncnonou.
1135 497 1179 564 83
1216 550 1219 556 ,

114 735 121 750 ,
223 676 384 750 quateret
409 668 544 747 vitalia,
569 670 665 734 socio
690 668 735 733 ad
766 687 805 732 se
836 669 951 734 delato
981 668 1056 734 solo
1091 678 1178 736 nutu

223 768 407 833 valedixit.
458 769 527 832 Sed
552 788 616 832 nec
641 769 701 832 ifle
726 769 951 852 praestantius
978 769 1091 834 veluit
1123 790 1178 834 re·

223 869 373 950 pendere
390 866 552 945 officium,
578 875 700 950 utpote
725 869 786 950 qui
804 870 1084 951 propinquiorem
1101 878 1178 934 ten-

224 967 328 1032 debat
342 968 387 1031 ad
402 969 548 1044 exitum,
564 986 644 1029 nam
661 973 742 1031 ante
754 967 981 1032 Benedictum
995 968 1177 1034 defunctus

224 1074 289 1132 est.
341 1067 517 1131 Successit
537 1066 746 1144 chelfridus,
772 1068 836 1130 sub
862 1086 931 1148 quo
956 1087 1012 1132 res
1038 1087 1176 1132 monas·
1188 1087 1243 1130 an.
1252 1091 1297 1130 reo.

223 1167 302 1230 terii
318 1166 355 1229 in
372 1168 577 1230 immensum
589 1173 713 1230 auctae.
751 1165 802 1242 Is,
814 1185 892 1230 cum
903 1167 1066 1232 diuturno
1077 1171 1175 1233 senio

223 1266 363 1330 vivendi
388 1264 833 1342 renunciassetdesiderio,
860 1265 1011 1330 Romam
1028 1267 1079 1331 ire
1096 1288 1174 1351 per-

223 1366 327 1442 rexit,
345 1365 491 1429 senilem·
506 1366 669 1443 animam,
686 1373 727 1429 ut
737 1365 912 1447 sperabat,
929 1365 1078 1430 dominis
1089 1366 1174 1432 effu-

223 1483 325 1527 surus
354 1465 545 1547 apostolis3
579 1464 653 1542 sed,
681 1464 773 1528 enim
800 1465 874 1527 voti
893 1465 1018 1529 effectu
1040 1485 1173 1544 carens,

162 1553 163 1556 '
222 1570 356 1627 naturae
383 1565 537 1628 debitum
557 1558 667 1647 ¹apud
689 1563 858 1644 Lingonis
879 1565 1057 1629 civitatem
1084 1565 1172 1630 iniit.
1186 1585 1295 1628 anan.

223 1663 396 1745 Reliquiae
422 1665 554 1728 ossium
579 1663 829 1747 posterioribus
854 1664 954 1726 annis
973 1664 1019 1728 ad
1035 1682 1174 1727 monas·

222 1762 348 1826 terium
374 1781 487 1841 suum,
512 1764 635 1827 deinde
669 1762 815 1827 Danicee
849 1769 1004 1846 tempore
1037 1757 1173 1844 'vasta

222 1861 340 1940 tionis,
374 1880 453 1926 cum
486 1863 622 1927 ossibus
655 1863 767 1926 beatae
802 1860 923 1926 Hildae
954 1862 1175 1930 Glastoniam

221 1968 383 2043 portatae.
448 1961 586 2028 Horum
618 1963 783 2026 abbatum
816 1962 979 2042 gratiam,
1006 1982 1085 2043 quae
1112 1983 1174 2045 per

222 2079 260 2123 se
276 2062 364 2124 satis
381 2062 521 2137 eminet,
539 2063 746 2145 conspicuus
763 2060 923 2124 alumnus
940 2081 1059 2126 eorum
1076 2063 1174 2127 Beda

224 2159 261 2223 in
295 2160 563 2243 splendidiorem
587 2161 829 2225 excellentiam
855 2168 969 2242 urget,
1002 2161 1174 2243 siquidem

222 2259 390 2341 scriptum
405 2254 637 2342 sit,‘³Gloria
647 2261 770 2344 patrie,
789 2259 881 2323 iilius
898 2261 1066 2343 sapiens3’
1080 2261 1173 2343 quod

220 2359 310 2422 alter
326 2377 404 2424 eum
420 2358 693 2438 monachaverit,
703 2353 1030 2426 alter⁴educaverit
1069 2359 1173 2439 Quod

220 2458 303 2540 quia
320 2457 395 2540 ipse
413 2459 511 2522 Beda
536 2479 599 2542 pro
624 2459 828 2541 compendio
853 2460 988 2524 notitiae
1013 2460 1173 2544 subjecit,

222 2551 358 2621 omnem
385 2558 495 2622 vitam
527 2577 626 2622 suam
650 2553 821 2641 ⁵quodam
851 2558 990 2639 epilogo
1016 2579 1172 2640 compre·

220 2655 384 2735 bendens,
396 2658 506 2739 ipsius
523 2659 631 2722 verba
641 2658 750 2722 lector
765 2651 1031 2738 ⁶recognoscere
1041 2657 1170 2735 licebit,

220 2774 263 2819 ne
291 2758 376 2820 meis
404 2759 632 2834 sermonibus,
659 2757 715 2821 vel
743 2756 822 2837 plus
850 2756 907 2819 vel
934 2756 1060 2832 minue,
1093 2757 1171 2838 ipsa

219 2874 320 2919 novae
346 2855 466 2919 formae
485 2857 655 2939 procudat
680 2857 881 2920 necessitas
934 2853 997 2920 Ait
1015 2873 1099 2937 ergo
1115 2847 1171 2919 ⁷in

220 2954 288 3017 fine
317 2953 573 3020 Ecclesiasticae
589 2955 784 3038 Anglorum
811 2955 993 3032 Historiae,
1014 2956 1069 3019 vir
1097 2963 1171 3019 tum

218 3054 257 3117 in
273 3056 409 3118 caeteris
426 3062 500 3119 tum
518 3057 554 3119 in
575 3056 641 3120 hoc
661 3055 858 3133 laudabilis
875 3055 968 3139 quod
991 3055 1045 3120 vel
1062 3075 1172 3139 quan·

201 3155 467 3242 ¹tulamcunque
484 3156 539 3220 sui
560 3156 794 3238 cognitionem
818 3155 1016 3239 posteritati
1033 3174 1103 3220 non
1118 3155 1172 3218 in-

222 3251 367 3319 viderit:

273 3352 291 3436 §
312 3354 367 3417 55.
391 3352 503 3417 ‘Haec
514 3352 557 3416 de
574 3353 721 3418 historia
738 3355 1009 3431 Britanniarum,
1021 3353 1172 3417 Domino
1187 3373 1260 3414 necea
1278 3385 1311 3413 20-

1185 3429 1250 3464 count
1263 3426 1287 3464 ol

1186 3475 1277 3514 himself.

257 3518 352 3584 ¹Apud
384 3522 505 3584 Lingoaie
535 3519 682 3590 civitatem]
743 3521 897 3583 ‘QuodomJ
931 3523 961 3572 G.
982 3522 1016 3570 D.
1028 3522 1061 3570 E.
1073 3523 1103 3571 1..
1115 3517 1173 3582 M.;

220 3589 344 3653 Longres,
367 3592 393 3641 in
407 3591 457 3641 'the
479 3593 637 3653 department
659 3592 688 3642 of
707 3591 830 3655 brevi‚A.
843 3592 873 3643 S.

221 3659 310 3740 lippet
321 3662 572 3742 Mame,theeapita1
583 3662 685 3712 olBas·
744 3683 755 3716 e
766 3679 966 3754 Momm]
993 3684 1028 3733 D·
1048 3685 1105 3745 pm
1133 3698 1173 3734 re.

218 3731 434 3794 ‘¹3⁰5'le05·
709 3760 853 3818 cognoscat,
870 3754 904 3806 A.
921 3755 951 3808 S.
969 3754 1059 3817 e.L.;
1086 3768 1172 3818 recog·

257 3795 455 3868 'Vertetionia]
474 3799 507 3850 A.
518 3800 546 3849 S.
560 3799 595 3849 D.
608 3801 640 3850 E.
653 3801 684 3850 1,.

213 3868 280 3930 .M.;
296 3870 462 3920 infestationis
478 3871 516 3918 ccl
529 3871 686 3932 vastationis,

225 3939 255 3988 C.
746 3931 799 3983 ⁷la
809 3934 864 3998 fine
881 3930 1057 3981 Ecclesiastico
1079 3929 1172 3992 Angla·

214 4047 216 4056 s
257 4003 465 4072 ³Gleriopotrie,
477 4007 552 4072 filine
570 4007 687 4070 rupiana]
711 4019 766 4054 rum
789 4002 933 4062 Harma]
970 4001 1026 4049 Lib.
1044 4016 1069 4049 v.
1087 4015 1110 4050 c.
1129 4004 1171 4061 24,

223 4076 304 4126 Filius
322 4079 425 4139 sapiens
444 4078 556 4126 laetificat
581 4081 687 4137 patrem.
711 4074 798 4136 §lea
835 4071 904 4120 Edit.
927 4069 1001 4130 Engl.
1022 4069 1092 4118 Hist.
1115 4069 1172 4119 Soc.

222 4145 298 4196 Prov.
310 4162 337 4196 x.
350 4151 379 4208 13
397 4163 440 4198 xv.
452 4151 494 4196 2⁰.
712 4143 793 4191 There
804 4156 847 4191 are
859 4140 936 4188 oiew
944 4139 1030 4186 verbal
1037 4139 1173 4187 variatione

258 4213 268 4242 ⁴
279 4217 450 4281 nuncnune]
469 4219 498 4267 G.
508 4216 543 4265 D.
552 4217 584 4267 E.
593 4216 624 4265 L.
633 4215 671 4266 M.
682 4231 688 4275 ς
713 4215 828 4262 between
839 4211 881 4259 the
893 4213 946 4258 text
956 4207 986 4256 of
999 4209 1174 4269 Malmeebury

223 4301 281 4335 oum
292 4285 448 4350 educaverit,
458 4286 491 4337 A.
504 4287 533 4339 S.
713 4283 764 4334 und
776 4281 856 4334 Beda.

710 3827 800 3889 noscit,
811 3827 843 3879 E.

981 4353 1023 4400 οὓ
