3162 4972
209 485 339 566 man]
436 498 549 547 eusrn
574 498 701 546 aucun
725 497 940 548 euenerunt.
1101 485 1166 552 123

210 658 293 741 quia
306 657 419 720 beatae
438 647 686 721 recordationis
701 654 934 738 Augustinus,
949 658 1009 740 qui
1023 661 1167 724 verbum

211 759 291 834 Dei,
306 759 498 840 imperante
517 755 700 839 Gregorio,
716 756 911 838 Anglorum
929 760 1026 839 genti
1047 761 1167 823 minis·

212 859 340 934 trabat,
357 865 393 920 et
408 857 654 938 gloriosissime
668 858 821 921 ecclesiis
835 857 976 940 praefuit
990 858 1166 937 Saxoniae,

213 958 249 1021 in
272 957 391 1021 eadem
413 957 556 1021 civitate
581 957 671 1020 diem
695 957 791 1035 obiit,
811 965 847 1021 et
869 976 993 1040 corpus
1016 958 1109 1023 illius
1131 960 1167 1022 in
1240 963 1242 968 '

214 1057 358 1120 basilica
381 1057 475 1121 beati
491 1056 587 1120 Petri
609 1056 844 1139 apostolorum
866 1057 1043 1140 principis,
1064 1078 1167 1142 quam

215 1175 393 1221 successor
415 1155 491 1238 ejus
509 1156 718 1220 Laurentius
736 1157 900 1233 sacravit,
915 1159 1091 1222 conditum
1104 1159 1167 1242 'su-

213 1257 310 1334 isset,
326 1256 439 1320 visum
453 1265 507 1320 est
521 1257 654 1320 cunctis
680 1256 793 1338 gentis
808 1267 937 1320 nostrae
955 1258 1167 1340 sapientibus

213 1363 385 1437 quatenus
415 1356 450 1418 in
474 1355 536 1419 illa
569 1356 710 1420 civitate
741 1355 1030 1438 metropolitanus
1057 1358 1168 1422 honor

214 1455 399 1518 haberetur
425 1455 485 1518 ubi
512 1449 672 1537 ¹corpore
701 1462 827 1537 pausat
853 1456 913 1538 qui
935 1456 988 1519 his
1010 1459 1167 1539 partibus

215 1555 295 1618 fidei
311 1553 491 1619 veritatem
511 1555 669 1618 inseruit.
722 1553 832 1639 Cujus
846 1555 977 1638 itaque,
1000 1557 1089 1621 sicut
1107 1577 1167 1622 vos

215 1655 322 1730 scitia,
337 1653 519 1736 dignitatis
533 1654 698 1718 honorem
711 1655 858 1736 primum
879 1675 942 1718 rex
958 1654 1049 1733 offa,
1061 1676 1166 1740 prop-

215 1762 268 1818 ter
282 1754 496 1818 inimicitiam
509 1774 588 1818 cum
602 1755 790 1819 venerabili
806 1753 982 1819 Lanberto
1005 1763 1041 1820 et
1064 1765 1168 1837 gente

217 1852 484 1918 Cantauriorum
499 1861 689 1936 acceptam,
710 1861 879 1930 avertere,
895 1863 930 1918 et
943 1855 980 1918 in
995 1856 1082 1918 duas
1105 1876 1168 1939 pa·

214 1952 349 2018 rochias
366 1953 546 2037 dissipare,
563 1955 680 2034 nisus;
704 1961 740 2017 et
753 1954 928 2036 piissimus
942 1956 1167 2039 coepiscopus

215 2061 251 2117 et
273 2060 472 2118 antecessor
500 2061 616 2118 vester
647 2051 834 2132 Adrianus,
864 2064 990 2136 rogatu
1012 2056 1170 2138 praedicti

215 2154 318 2235 regis,
332 2152 447 2218 faeere
468 2155 576 2236 coepit
589 2153 681 2236 quod
695 2153 791 2236 prius
814 2173 915 2218 nemo
936 2157 1170 2237 praesumpsit,

216 2259 252 2316 et
268 2253 476 2317 Marciorum
489 2253 673 2336 praesulem
685 2254 791 2336 pallio
807 2253 944 2317 extulit.
997 2253 1170 2319 Neutrum

216 2358 333 2417 tamen
357 2373 402 2416 ex
424 2353 477 2416 his
501 2354 693 2436 culpamus,
707 2372 795 2435 quos
812 2353 984 2431 Christus,
998 2362 1039 2418 ut
1060 2356 1170 2420 credi·

215 2472 304 2530 muS,
327 2460 459 2517 aeterna
471 2449 617 2517 victoria
631 2453 832 2535 triumphat.
884 2451 951 2518 Sed
974 2460 1089 2518 tamen
1107 2475 1168 2520 ex·

217 2553 409 2616 cellantiam
435 2560 585 2617 vestram
607 2552 753 2616 humiles
776 2571 972 2630 exoramus,
1000 2555 1125 2636 quibus
1148 2575 1170 2618 a

217 2653 294 2717 Deo
310 2653 434 2717 merito
456 2653 638 2736 sapientiae
654 2652 762 2716 claris
786 2652 914 2716 collata
933 2661 998 2730 est,
1013 2660 1052 2716 ut
1066 2672 1171 2737 super

216 2750 282 2816 hac
312 2772 419 2837 causa
445 2772 522 2816 cum
549 2752 763 2834 sapientibus
785 2752 910 2816 vestris
934 2754 1112 2835 quaeratis,
1134 2761 1170 2820 et

216 2852 378 2934 quicquid
392 2853 491 2917 robis
507 2853 677 2929 videatur,
693 2851 792 2916 nobis
806 2858 928 2935 postea
949 2852 1169 2932 servandum,

216 2953 402 3016 rescribere
426 2951 614 3034 dignemini
627 2971 636 3031 3
660 2971 703 3016 ne
717 2952 836 3016 tunica
851 2950 982 3016 Christi
999 2953 1168 3018 'inconsu-

217 3051 288 3114 tilis
317 3051 465 3135 alicujus
495 3053 587 3116 inter
615 3070 678 3115 nos
704 3052 929 3116 dissensionis
958 3053 1083 3118 scisma
1106 3073 1169 3136 pa·

217 3151 335 3229 tiatur,
358 3152 419 3216 sed
441 3171 503 3234 per
517 3158 668 3217 vestram
691 3171 814 3216 sanam
837 3152 1042 3230 doctrinam,
1058 3161 1098 3218 ut
1110 3154 1170 3218 de·

217 3250 420 3328 sideramus,
454 3251 498 3315 ad
527 3271 620 3316 verae
658 3251 755 3334 pacis
784 3252 952 3328 unitatem
988 3253 1168 3335 dirigatur.

217 3349 351 3432 Magna
374 3352 464 3416 enim
486 3352 681 3416 humilitate
708 3350 810 3416 simul
834 3359 870 3415 et
890 3344 1074 3416 dilectione
1096 3353 1171 3417 haec

216 3449 280 3514 tibi
294 3451 506 3532 scripsimus
515 3470 609 3534 papa
621 3449 830 3526 beatissime,
844 3450 1060 3514 clementiam
1075 3458 1171 3514 tuam

216 3549 391 3630 profusius
413 3557 593 3632 precantes
608 3555 780 3631 quatenus
804 3549 848 3611 ad
869 3567 923 3626 ea,
939 3569 1018 3630 quae
1036 3569 1057 3612 a
1073 3551 1172 3614 nobis

217 3649 413 3712 necessario
445 3650 612 3730 explicita
635 3656 729 3725 sunt,
759 3648 908 3729 benigne
940 3655 975 3728 et
994 3649 1090 3733 juste
1117 3670 1172 3714 re·

218 3747 404 3829 spondeas
456 3748 524 3812 Sed
547 3755 583 3811 et
603 3747 699 3812 illam
722 3748 916 3830 epistolam,
930 3769 1035 3831 quarn
1052 3749 1173 3814 Ethel-

120 3863 121 3866 ’
217 3847 323 3910 ardus
349 3847 628 3930 archiepiscopus
654 3847 769 3910 coram
794 3849 928 3912 cunctis
951 3849 1174 3931 provinciali-

216 3947 281 4010 bus
312 3948 484 4034 episcopis
512 3947 640 4011 nostris
681 3945 906 4029 multiplicius
935 3949 978 4011 de
1008 3948 1093 4024 suiS,
1133 3967 1175 4012 ac

215 4185 218 4192 .
254 4217 259 4246 ¹
275 4215 501 4340 Οἳνρέναέαιιεαῆ
518 4221 548 4270 0.
559 4219 594 4269 D.
603 4220 636 4269 Ε.
646 4219 700 4281 Μ.;
717 4233 809 4282 corpus
828 4223 930 4283 pausat,
941 4219 990 4282 h.;
1007 4235 1099 4284 corpus
1116 4222 1176 4286 ejus

216 4304 299 4350 pausa
311 4325 319 4354 ,
360 4326 366 4339 .
404 4326 410 4340 .
