<?xml version="1.0" encoding="UTF-8"?>
<!DOCTYPE html PUBLIC "-//W3C//DTD XHTML 1.0 Transitional//EN"
    "http://www.w3.org/TR/xhtml1/DTD/xhtml1-transitional.dtd">
<html xmlns="http://www.w3.org/1999/xhtml" xml:lang="en" lang="en">
 <head>
  <title>
</title>
<meta http-equiv="Content-Type" content="text/html;charset=utf-8" />
  <meta name='ocr-system' content='tesseract 3.04.00' />
  <meta name='ocr-capabilities' content='ocr_page ocr_carea ocr_par ocr_line ocrx_word'/>
</head>
<body>
  <div class='ocr_page' id='page_1' title='image "./willelmimalmesb00willgoog_0278.png"; bbox 0 0 3128 4976; ppageno 0'>
   <div class='ocr_carea' id='block_1_1' title="bbox 396 504 1356 584">
    <p class='ocr_par' dir='ltr' id='par_1_1' title="bbox 396 504 1356 584">
     <span class='ocr_line' id='line_1_1' title="bbox 396 504 1356 584; baseline -0.005 -14"><span class='ocrx_word' id='word_1_1' title='bbox 396 504 462 570; x_wconf 72' lang='lat'><strong>262</strong></span> <span class='ocrx_word' id='word_1_2' title='bbox 624 519 738 568; x_wconf 73' lang='lat' dir='ltr'><strong>cusan</strong></span> <span class='ocrx_word' id='word_1_3' title='bbox 762 518 889 568; x_wconf 82' lang='lat' dir='ltr'><strong>aucuu</strong></span> <span class='ocrx_word' id='word_1_4' title='bbox 913 517 1125 566; x_wconf 74' lang='lat' dir='ltr'><strong>ancnoauu.</strong></span> <span class='ocrx_word' id='word_1_5' title='bbox 1206 504 1292 584; x_wconf 74' lang='lat' dir='ltr'><strong>[aru.</strong></span> <span class='ocrx_word' id='word_1_6' title='bbox 1312 520 1356 567; x_wconf 89' lang='lat'><strong>11.</strong></span> 
     </span>
    </p>
   </div>
   <div class='ocr_carea' id='block_1_2' title="bbox 249 677 1415 2540">
    <p class='ocr_par' dir='ltr' id='par_1_2' title="bbox 249 677 1415 2540">
     <span class='ocr_line' id='line_1_2' title="bbox 400 677 1351 762; baseline -0.003 -17"><span class='ocrx_word' id='word_1_7' title='bbox 400 679 581 745; x_wconf 84' lang='lat' dir='ltr'><strong>adveniret</strong></span> <span class='ocrx_word' id='word_1_8' title='bbox 595 697 711 761; x_wconf 78' lang='lat' dir='ltr'><strong>regem</strong></span> <span class='ocrx_word' id='word_1_9' title='bbox 722 677 802 762; x_wconf 89' lang='lat' dir='ltr'><strong>jure</strong></span> <span class='ocrx_word' id='word_1_10' title='bbox 823 677 1073 760; x_wconf 85' lang='lat' dir='ltr'><strong>archiepiscopi</strong></span> <span class='ocrx_word' id='word_1_11' title='bbox 1094 685 1325 742; x_wconf 83' lang='lat' dir='ltr'><strong>coronaturus</strong></span> <span class='ocrx_word' id='word_1_12' title='bbox 1340 699 1351 758; x_wconf 91' lang='lat'>;</span> 
     </span>
     <span class='ocr_line' id='line_1_3' title="bbox 401 777 1351 860; baseline -0.003 -16"><span class='ocrx_word' id='word_1_13' title='bbox 401 779 473 855; x_wconf 90' lang='lat' dir='ltr'><strong>ille,</strong></span> <span class='ocrx_word' id='word_1_14' title='bbox 482 779 565 844; x_wconf 87' lang='lat' dir='ltr'><strong>licet</strong></span> <span class='ocrx_word' id='word_1_15' title='bbox 579 777 735 843; x_wconf 83' lang='lat' dir='ltr'><strong>infensus</strong></span> <span class='ocrx_word' id='word_1_16' title='bbox 745 785 850 854; x_wconf 84' lang='lat' dir='ltr'><strong>esset,</strong></span> <span class='ocrx_word' id='word_1_17' title='bbox 864 777 1058 860; x_wconf 73' lang='lat' dir='ltr'><strong>supersedit</strong></span> <span class='ocrx_word' id='word_1_18' title='bbox 1072 777 1243 854; x_wconf 85' lang='lat' dir='ltr'><strong>resistere,</strong></span> <span class='ocrx_word' id='word_1_19' title='bbox 1259 797 1351 860; x_wconf 88' lang='lat' dir='ltr'><strong>pon-</strong></span> 
     </span>
     <span class='ocr_line' id='line_1_4' title="bbox 403 875 1350 953; baseline -0.004 -11"><span class='ocrx_word' id='word_1_20' title='bbox 403 877 490 942; x_wconf 81' lang='lat' dir='ltr'><strong>tifex</strong></span> <span class='ocrx_word' id='word_1_21' title='bbox 516 877 584 941; x_wconf 80' lang='lat' dir='ltr'><strong>aevi</strong></span> <span class='ocrx_word' id='word_1_22' title='bbox 607 877 818 953; x_wconf 86' lang='lat' dir='ltr'><strong>maturioris,</strong></span> <span class='ocrx_word' id='word_1_23' title='bbox 832 882 868 940; x_wconf 89' lang='lat' dir='ltr'><strong>et</strong></span> <span class='ocrx_word' id='word_1_24' title='bbox 890 877 926 942; x_wconf 94' lang='lat' dir='ltr'><strong>in</strong></span> <span class='ocrx_word' id='word_1_25' title='bbox 941 875 1153 940; x_wconf 88' lang='lat' dir='ltr'><strong>secularibus</strong></span> <span class='ocrx_word' id='word_1_26' title='bbox 1174 878 1350 940; x_wconf 86' lang='lat' dir='ltr'><strong>emeritus.</strong></span> 
     </span>
     <span class='ocr_line' id='line_1_5' title="bbox 403 968 1353 1058; baseline 0 -18"><span class='ocrx_word' id='word_1_27' title='bbox 403 976 426 1040; x_wconf 83' lang='lat' dir='ltr'>J</span> <span class='ocrx_word' id='word_1_28' title='bbox 430 995 486 1040; x_wconf 89' lang='lat' dir='ltr'><strong>arn</strong></span> <span class='ocrx_word' id='word_1_29' title='bbox 501 995 584 1041; x_wconf 84' lang='lat' dir='ltr'><strong>vero</strong></span> <span class='ocrx_word' id='word_1_30' title='bbox 600 976 759 1040; x_wconf 85' lang='lat' dir='ltr'><strong>diadema</strong></span> <span class='ocrx_word' id='word_1_31' title='bbox 775 995 998 1058; x_wconf 88' lang='lat' dir='ltr'><strong>componens,</strong></span> <span class='ocrx_word' id='word_1_32' title='bbox 1019 993 1089 1038; x_wconf 91' lang='lat' dir='ltr'><strong>non</strong></span> <span class='ocrx_word' id='word_1_33' title='bbox 1106 994 1145 1039; x_wconf 91' lang='lat' dir='ltr'><strong>se</strong></span> <span class='ocrx_word' id='word_1_34' title='bbox 1161 968 1353 1040; x_wconf 89' lang='lat' dir='ltr'><strong>¹continuit</strong></span> 
     </span>
     <span class='ocr_line' id='line_1_6' title="bbox 404 1073 1352 1158; baseline -0.002 -19"><span class='ocrx_word' id='word_1_35' title='bbox 404 1075 488 1158; x_wconf 89' lang='lat' dir='ltr'><strong>quin</strong></span> <span class='ocrx_word' id='word_1_36' title='bbox 514 1074 673 1157; x_wconf 86' lang='lat' dir='ltr'><strong>spiritum</strong></span> <span class='ocrx_word' id='word_1_37' title='bbox 697 1074 935 1158; x_wconf 86' lang='lat' dir='ltr'><strong>propheticum</strong></span> <span class='ocrx_word' id='word_1_38' title='bbox 957 1074 1041 1139; x_wconf 89' lang='lat' dir='ltr'><strong>totis</strong></span> <span class='ocrx_word' id='word_1_39' title='bbox 1063 1073 1222 1138; x_wconf 83' lang='lat' dir='ltr'><strong>medullis</strong></span> <span class='ocrx_word' id='word_1_40' title='bbox 1245 1074 1352 1138; x_wconf 86' lang='lat' dir='ltr'><strong>haus-</strong></span> 
     </span>
     <span class='ocr_line' id='line_1_7' title="bbox 406 1167 1353 1257; baseline -0.002 -19"><span class='ocrx_word' id='word_1_41' title='bbox 406 1183 479 1238; x_wconf 84' lang='lat' dir='ltr'><strong>tum</strong></span> <span class='ocrx_word' id='word_1_42' title='bbox 500 1193 560 1238; x_wconf 89' lang='lat' dir='ltr'><strong>ore</strong></span> <span class='ocrx_word' id='word_1_43' title='bbox 583 1174 686 1257; x_wconf 90' lang='lat' dir='ltr'><strong>pleno</strong></span> <span class='ocrx_word' id='word_1_44' title='bbox 707 1172 916 1238; x_wconf 85' lang='lat' dir='ltr'><strong>effunderet:</strong></span> <span class='ocrx_word' id='word_1_45' title='bbox 940 1167 1098 1250; x_wconf 71' lang='lat' dir='ltr'><strong>‘&#39;Quia,’</strong></span> <span class='ocrx_word' id='word_1_46' title='bbox 1119 1173 1245 1255; x_wconf 89' lang='lat' dir='ltr'><strong>inquit,</strong></span> <span class='ocrx_word' id='word_1_47' title='bbox 1265 1179 1353 1256; x_wconf 88' lang='lat' dir='ltr'><strong>‘per</strong></span> 
     </span>
     <span class='ocr_line' id='line_1_8' title="bbox 406 1265 1353 1354; baseline -0.001 -18"><span class='ocrx_word' id='word_1_48' title='bbox 406 1280 552 1337; x_wconf 87' lang='lat' dir='ltr'><strong>mortem</strong></span> <span class='ocrx_word' id='word_1_49' title='bbox 560 1272 678 1336; x_wconf 86' lang='lat' dir='ltr'><strong>fratris</strong></span> <span class='ocrx_word' id='word_1_50' title='bbox 692 1273 744 1336; x_wconf 90' lang='lat' dir='ltr'><strong>tui</strong></span> <span class='ocrx_word' id='word_1_51' title='bbox 760 1272 921 1354; x_wconf 78' lang='lat' dir='ltr'><strong>aspirasti</strong></span> <span class='ocrx_word' id='word_1_52' title='bbox 931 1271 976 1334; x_wconf 90' lang='lat' dir='ltr'><strong>ad</strong></span> <span class='ocrx_word' id='word_1_53' title='bbox 986 1265 1353 1354; x_wconf 80' lang='lat' dir='ltr'><strong>regnum‚³propterea</strong></span> 
     </span>
     <span class='ocr_line' id='line_1_9' title="bbox 407 1369 1354 1447; baseline -0.003 -11"><span class='ocrx_word' id='word_1_54' title='bbox 407 1371 490 1436; x_wconf 84' lang='lat' dir='ltr'><strong>audi</strong></span> <span class='ocrx_word' id='word_1_55' title='bbox 503 1373 646 1435; x_wconf 87' lang='lat' dir='ltr'><strong>verbum</strong></span> <span class='ocrx_word' id='word_1_56' title='bbox 668 1370 822 1446; x_wconf 90' lang='lat' dir='ltr'><strong>Domini,</strong></span> <span class='ocrx_word' id='word_1_57' title='bbox 838 1369 928 1433; x_wconf 86' lang='lat' dir='ltr'><strong>Haec</strong></span> <span class='ocrx_word' id='word_1_58' title='bbox 941 1369 1025 1434; x_wconf 87' lang='lat' dir='ltr'><strong>dicit</strong></span> <span class='ocrx_word' id='word_1_59' title='bbox 1047 1369 1219 1433; x_wconf 87' lang='lat' dir='ltr'><strong>Dominus</strong></span> <span class='ocrx_word' id='word_1_60' title='bbox 1240 1370 1354 1447; x_wconf 90' lang='lat' dir='ltr'><strong>Deus,</strong></span> 
     </span>
     <span class='ocr_line' id='line_1_10' title="bbox 408 1468 1354 1552; baseline -0.001 -18"><span class='ocrx_word' id='word_1_61' title='bbox 408 1491 478 1535; x_wconf 90' lang='lat' dir='ltr'><strong>nou</strong></span> <span class='ocrx_word' id='word_1_62' title='bbox 492 1470 663 1535; x_wconf 88' lang='lat' dir='ltr'><strong>delebitur</strong></span> <span class='ocrx_word' id='word_1_63' title='bbox 675 1476 856 1552; x_wconf 88' lang='lat' dir='ltr'><strong>peccatum</strong></span> <span class='ocrx_word' id='word_1_64' title='bbox 870 1468 1110 1550; x_wconf 65' lang='lat' dir='ltr'><strong>ignominiosae</strong></span> <span class='ocrx_word' id='word_1_65' title='bbox 1133 1469 1254 1533; x_wconf 88' lang='lat' dir='ltr'><strong>matris</strong></span> <span class='ocrx_word' id='word_1_66' title='bbox 1269 1476 1354 1546; x_wconf 86' lang='lat' dir='ltr'><strong>tuae,</strong></span> 
     </span>
     <span class='ocr_line' id='line_1_11' title="bbox 408 1566 1354 1651; baseline 0.001 -18"><span class='ocrx_word' id='word_1_67' title='bbox 408 1576 445 1633; x_wconf 92' lang='lat' dir='ltr'><strong>et</strong></span> <span class='ocrx_word' id='word_1_68' title='bbox 471 1577 651 1651; x_wconf 85' lang='lat' dir='ltr'><strong>peccatum</strong></span> <span class='ocrx_word' id='word_1_69' title='bbox 678 1568 830 1632; x_wconf 82' lang='lat' dir='ltr'><strong>virorum</strong></span> <span class='ocrx_word' id='word_1_70' title='bbox 856 1569 917 1649; x_wconf 91' lang='lat' dir='ltr'><strong>qui</strong></span> <span class='ocrx_word' id='word_1_71' title='bbox 947 1566 1179 1631; x_wconf 86' lang='lat' dir='ltr'><strong>iuterfuerunt</strong></span> <span class='ocrx_word' id='word_1_72' title='bbox 1206 1569 1354 1635; x_wconf 86' lang='lat' dir='ltr'><strong>consiliu</strong></span> 
     </span>
     <span class='ocr_line' id='line_1_12' title="bbox 406 1665 1355 1749; baseline 0 -19"><span class='ocrx_word' id='word_1_73' title='bbox 406 1668 500 1732; x_wconf 91' lang='lat' dir='ltr'><strong>illius</strong></span> <span class='ocrx_word' id='word_1_74' title='bbox 527 1686 687 1749; x_wconf 87' lang='lat' dir='ltr'><strong>nequam,</strong></span> <span class='ocrx_word' id='word_1_75' title='bbox 717 1667 785 1730; x_wconf 88' lang='lat' dir='ltr'><strong>nisi</strong></span> <span class='ocrx_word' id='word_1_76' title='bbox 812 1667 921 1732; x_wconf 90' lang='lat' dir='ltr'><strong>multo</strong></span> <span class='ocrx_word' id='word_1_77' title='bbox 953 1666 1121 1746; x_wconf 82' lang='lat' dir='ltr'><strong>sanguine</strong></span> <span class='ocrx_word' id='word_1_78' title='bbox 1150 1665 1355 1730; x_wconf 86' lang='lat' dir='ltr'><strong>miserorum</strong></span> 
     </span>
     <span class='ocr_line' id='line_1_13' title="bbox 408 1764 1356 1848; baseline -0.001 -19"><span class='ocrx_word' id='word_1_79' title='bbox 408 1766 694 1848; x_wconf 69' lang='lat' dir='ltr'><strong>provincialium</strong></span> <span class='ocrx_word' id='word_1_80' title='bbox 729 1773 766 1831; x_wconf 89' lang='lat' dir='ltr'><strong>et</strong></span> <span class='ocrx_word' id='word_1_81' title='bbox 796 1766 937 1830; x_wconf 87' lang='lat' dir='ltr'><strong>venient</strong></span> <span class='ocrx_word' id='word_1_82' title='bbox 967 1783 1071 1847; x_wconf 88' lang='lat' dir='ltr'><strong>super</strong></span> <span class='ocrx_word' id='word_1_83' title='bbox 1102 1772 1241 1846; x_wconf 80' lang='lat' dir='ltr'><strong>gentem</strong></span> <span class='ocrx_word' id='word_1_84' title='bbox 1278 1764 1356 1830; x_wconf 81' lang='lat' dir='ltr'><strong>An·</strong></span> 
     </span>
     <span class='ocr_line' id='line_1_14' title="bbox 409 1855 1354 1946; baseline 0 -18"><span class='ocrx_word' id='word_1_85' title='bbox 409 1864 545 1945; x_wconf 80' lang='lat' dir='ltr'><strong>glorum</strong></span> <span class='ocrx_word' id='word_1_86' title='bbox 566 1863 660 1927; x_wconf 87' lang='lat' dir='ltr'><strong>mala</strong></span> <span class='ocrx_word' id='word_1_87' title='bbox 674 1863 792 1946; x_wconf 91' lang='lat' dir='ltr'><strong>qualia</strong></span> <span class='ocrx_word' id='word_1_88' title='bbox 814 1883 883 1927; x_wconf 91' lang='lat' dir='ltr'><strong>nou</strong></span> <span class='ocrx_word' id='word_1_89' title='bbox 909 1881 1015 1946; x_wconf 87' lang='lat' dir='ltr'><strong>passa</strong></span> <span class='ocrx_word' id='word_1_90' title='bbox 1035 1870 1089 1928; x_wconf 87' lang='lat' dir='ltr'><strong>est</strong></span> <span class='ocrx_word' id='word_1_91' title='bbox 1114 1883 1159 1927; x_wconf 88' lang='lat' dir='ltr'><strong>ex</strong></span> <span class='ocrx_word' id='word_1_92' title='bbox 1180 1884 1249 1946; x_wconf 91' lang='lat' dir='ltr'><strong>quo</strong></span> <span class='ocrx_word' id='word_1_93' title='bbox 1262 1855 1354 1928; x_wconf 83' lang='lat' dir='ltr'><strong>⁴An-</strong></span> 
     </span>
     <span class='ocr_line' id='line_1_15' title="bbox 410 1959 1355 2045; baseline 0.001 -19"><span class='ocrx_word' id='word_1_94' title='bbox 410 1964 517 2043; x_wconf 83' lang='lat' dir='ltr'><strong>gliam</strong></span> <span class='ocrx_word' id='word_1_95' title='bbox 528 1963 625 2027; x_wconf 88' lang='lat' dir='ltr'><strong>venit</strong></span> <span class='ocrx_word' id='word_1_96' title='bbox 636 1981 746 2045; x_wconf 88' lang='lat' dir='ltr'><strong>usque</strong></span> <span class='ocrx_word' id='word_1_97' title='bbox 760 1963 805 2026; x_wconf 91' lang='lat' dir='ltr'><strong>ad</strong></span> <span class='ocrx_word' id='word_1_98' title='bbox 822 1970 959 2045; x_wconf 86' lang='lat' dir='ltr'><strong>tempus</strong></span> <span class='ocrx_word' id='word_1_99' title='bbox 974 1962 1084 2027; x_wconf 69' lang='lat' dir='ltr'><strong>illud!</strong></span> <span class='ocrx_word' id='word_1_100' title='bbox 1135 1959 1230 2026; x_wconf 79' lang='lat' dir='ltr'><strong>⁵Nec</strong></span> <span class='ocrx_word' id='word_1_101' title='bbox 1244 1964 1355 2027; x_wconf 89' lang='lat' dir='ltr'><strong>multo</strong></span> 
     </span>
     <span class='ocr_line' id='line_1_16' title="bbox 249 2061 1415 2145; baseline 0 -19"><span class='ocrx_word' id='word_1_102' title='bbox 249 2088 357 2128; x_wconf 62' lang='lat' dir='ltr'><strong>anno.</strong></span> <span class='ocrx_word' id='word_1_103' title='bbox 410 2070 502 2144; x_wconf 92' lang='lat' dir='ltr'><strong>post,</strong></span> <span class='ocrx_word' id='word_1_104' title='bbox 534 2062 570 2126; x_wconf 93' lang='lat' dir='ltr'><strong>id</strong></span> <span class='ocrx_word' id='word_1_105' title='bbox 595 2069 660 2138; x_wconf 86' lang='lat' dir='ltr'><strong>est,</strong></span> <span class='ocrx_word' id='word_1_106' title='bbox 689 2080 783 2126; x_wconf 84' lang='lat' dir='ltr'><strong>anuo</strong></span> <span class='ocrx_word' id='word_1_107' title='bbox 813 2061 888 2145; x_wconf 89' lang='lat' dir='ltr'><strong>ejus</strong></span> <span class='ocrx_word' id='word_1_108' title='bbox 917 2063 1032 2138; x_wconf 88' lang='lat' dir='ltr'><strong>tertio,</strong></span> <span class='ocrx_word' id='word_1_109' title='bbox 1047 2070 1216 2126; x_wconf 84' lang='lat' dir='ltr'><strong>venerunt</strong></span> <span class='ocrx_word' id='word_1_110' title='bbox 1240 2061 1355 2126; x_wconf 90' lang='lat' dir='ltr'><strong>Ham-</strong></span> <span class='ocrx_word' id='word_1_111' title='bbox 1411 2096 1415 2102; x_wconf 97' lang='lat'>·</span> 
     </span>
     <span class='ocr_line' id='line_1_17' title="bbox 409 2159 1357 2245; baseline -0.001 -19"><span class='ocrx_word' id='word_1_112' title='bbox 409 2171 540 2238; x_wconf 85' lang='lat' dir='ltr'><strong>lenam,</strong></span> <span class='ocrx_word' id='word_1_113' title='bbox 561 2167 699 2244; x_wconf 89' lang='lat' dir='ltr'><strong>portum</strong></span> <span class='ocrx_word' id='word_1_114' title='bbox 718 2161 826 2244; x_wconf 86' lang='lat' dir='ltr'><strong>juxta</strong></span> <span class='ocrx_word' id='word_1_115' title='bbox 841 2159 1069 2237; x_wconf 84' lang='lat' dir='ltr'><strong>wintoniam,</strong></span> <span class='ocrx_word' id='word_1_116' title='bbox 1093 2168 1225 2245; x_wconf 83' lang='lat' dir='ltr'><strong>septem</strong></span> <span class='ocrx_word' id='word_1_117' title='bbox 1247 2179 1357 2225; x_wconf 89' lang='lat' dir='ltr'><strong>naves</strong></span> 
     </span>
     <span class='ocr_line' id='line_1_18' title="bbox 408 2258 1357 2343; baseline 0.001 -20"><span class='ocrx_word' id='word_1_118' title='bbox 408 2263 611 2343; x_wconf 80' lang='lat' dir='ltr'><strong>piratarum,</strong></span> <span class='ocrx_word' id='word_1_119' title='bbox 626 2266 662 2324; x_wconf 89' lang='lat' dir='ltr'><strong>et</strong></span> <span class='ocrx_word' id='word_1_120' title='bbox 684 2258 852 2343; x_wconf 88' lang='lat' dir='ltr'><strong>populata</strong></span> <span class='ocrx_word' id='word_1_121' title='bbox 871 2278 934 2323; x_wconf 87' lang='lat' dir='ltr'><strong>ora</strong></span> <span class='ocrx_word' id='word_1_122' title='bbox 958 2258 1132 2324; x_wconf 86' lang='lat' dir='ltr'><strong>maritima</strong></span> <span class='ocrx_word' id='word_1_123' title='bbox 1153 2260 1357 2342; x_wconf 84' lang='lat' dir='ltr'><strong>refugerunt</strong></span> 
     </span>
     <span class='ocr_line' id='line_1_19' title="bbox 407 2358 1357 2440; baseline 0.001 -19"><span class='ocrx_word' id='word_1_124' title='bbox 407 2360 444 2422; x_wconf 90' lang='lat' dir='ltr'><strong>in</strong></span> <span class='ocrx_word' id='word_1_125' title='bbox 471 2360 601 2437; x_wconf 88' lang='lat' dir='ltr'><strong>altum;</strong></span> <span class='ocrx_word' id='word_1_126' title='bbox 627 2359 719 2440; x_wconf 91' lang='lat' dir='ltr'><strong>quod</strong></span> <span class='ocrx_word' id='word_1_127' title='bbox 747 2358 824 2421; x_wconf 87' lang='lat' dir='ltr'><strong>ideo</strong></span> <span class='ocrx_word' id='word_1_128' title='bbox 848 2378 918 2422; x_wconf 93' lang='lat' dir='ltr'><strong>non</strong></span> <span class='ocrx_word' id='word_1_129' title='bbox 940 2359 1104 2440; x_wconf 84' lang='lat' dir='ltr'><strong>praeterii,</strong></span> <span class='ocrx_word' id='word_1_130' title='bbox 1119 2360 1202 2440; x_wconf 85' lang='lat' dir='ltr'><strong>quia</strong></span> <span class='ocrx_word' id='word_1_131' title='bbox 1225 2359 1357 2422; x_wconf 89' lang='lat' dir='ltr'><strong>multus</strong></span> 
     </span>
     <span class='ocr_line' id='line_1_20' title="bbox 408 2456 1176 2540; baseline 0.003 -21"><span class='ocrx_word' id='word_1_132' title='bbox 408 2476 521 2521; x_wconf 86' lang='lat' dir='ltr'><strong>sermo</strong></span> <span class='ocrx_word' id='word_1_133' title='bbox 534 2457 628 2540; x_wconf 89' lang='lat' dir='ltr'><strong>apud</strong></span> <span class='ocrx_word' id='word_1_134' title='bbox 636 2456 773 2538; x_wconf 82' lang='lat' dir='ltr'><strong>Anglos</strong></span> <span class='ocrx_word' id='word_1_135' title='bbox 785 2457 895 2521; x_wconf 87' lang='lat' dir='ltr'><strong>fertur</strong></span> <span class='ocrx_word' id='word_1_136' title='bbox 909 2457 952 2521; x_wconf 88' lang='lat' dir='ltr'><strong>dc</strong></span> <span class='ocrx_word' id='word_1_137' title='bbox 965 2457 1019 2521; x_wconf 88' lang='lat' dir='ltr'><strong>his</strong></span> <span class='ocrx_word' id='word_1_138' title='bbox 1032 2458 1176 2522; x_wconf 76' lang='lat' dir='ltr'><strong>ratibus</strong></span> 
     </span>
    </p>
   </div>
   <div class='ocr_carea' id='block_1_3' title="bbox 481 2643 1284 2792">
    <p class='ocr_par' dir='ltr' id='par_1_3' title="bbox 481 2643 1284 2792">
     <span class='ocr_line' id='line_1_21' title="bbox 481 2643 1284 2696; baseline -0.005 -2"><span class='ocrx_word' id='word_1_139' title='bbox 481 2649 529 2694; x_wconf 85' lang='lat' dir='ltr'><strong>DE</strong></span> <span class='ocrx_word' id='word_1_140' title='bbox 551 2648 703 2696; x_wconf 79' lang='lat' dir='ltr'><strong>IGNAVIA</strong></span> <span class='ocrx_word' id='word_1_141' title='bbox 726 2646 932 2694; x_wconf 78' lang='lat' dir='ltr'><strong>ETHELREDI</strong></span> <span class='ocrx_word' id='word_1_142' title='bbox 956 2646 1000 2692; x_wconf 86' lang='grc' dir='ltr'><strong>ΕΤ</strong></span> <span class='ocrx_word' id='word_1_143' title='bbox 1023 2643 1284 2692; x_wconf 77' lang='lat' dir='ltr'><strong>INFESTATIONE</strong></span> 
     </span>
     <span class='ocr_line' id='line_1_22' title="bbox 789 2745 982 2792; baseline -0.01 0"><span class='ocrx_word' id='word_1_144' title='bbox 789 2745 982 2792; x_wconf 82' lang='lat' dir='ltr'><strong><em>DANORUM.</em></strong></span> 
     </span>
    </p>
   </div>
   <div class='ocr_carea' id='block_1_4' title="bbox 248 2841 1359 3331">
    <p class='ocr_par' dir='ltr' id='par_1_4' title="bbox 248 2841 1359 3331">
     <span class='ocr_line' id='line_1_23' title="bbox 248 2841 1359 2935; baseline 0.001 -24"><span class='ocrx_word' id='word_1_145' title='bbox 248 2871 303 2912; x_wconf 74' lang='lat' dir='ltr'><strong>nn.</strong></span> <span class='ocrx_word' id='word_1_146' title='bbox 315 2875 358 2912; x_wconf 73' lang='lat' dir='ltr'><strong>ru.</strong></span> <span class='ocrx_word' id='word_1_147' title='bbox 462 2854 479 2935; x_wconf 82' lang='lat'>§</span> <span class='ocrx_word' id='word_1_148' title='bbox 495 2853 570 2916; x_wconf 83' lang='lat'><strong>165.</strong></span> <span class='ocrx_word' id='word_1_149' title='bbox 599 2847 826 2916; x_wconf 80' lang='lat' dir='ltr'><strong>⁶Surrexerat</strong></span> <span class='ocrx_word' id='word_1_150' title='bbox 838 2851 929 2915; x_wconf 88' lang='lat' dir='ltr'><strong>inter</strong></span> <span class='ocrx_word' id='word_1_151' title='bbox 944 2841 1078 2932; x_wconf 84' lang='lat' dir='ltr'><strong>⁷regem</strong></span> <span class='ocrx_word' id='word_1_152' title='bbox 1100 2857 1136 2914; x_wconf 90' lang='lat' dir='ltr'><strong>et</strong></span> <span class='ocrx_word' id='word_1_153' title='bbox 1155 2851 1359 2931; x_wconf 88' lang='lat' dir='ltr'><strong>episcopum</strong></span> 
     </span>
     <span class='ocr_line' id='line_1_24' title="bbox 410 2945 1358 3031; baseline -0.002 -16"><span class='ocrx_word' id='word_1_154' title='bbox 410 2952 599 3016; x_wconf 87' lang='lat' dir='ltr'><strong>Rosensem</strong></span> <span class='ocrx_word' id='word_1_155' title='bbox 610 2945 793 3026; x_wconf 80' lang='lat' dir='ltr'><strong>⁸simultas,</strong></span> <span class='ocrx_word' id='word_1_156' title='bbox 807 2951 977 3014; x_wconf 89' lang='lat' dir='ltr'><strong>incertum</strong></span> <span class='ocrx_word' id='word_1_157' title='bbox 988 2949 1111 3031; x_wconf 89' lang='lat' dir='ltr'><strong>quade</strong></span> <span class='ocrx_word' id='word_1_158' title='bbox 1125 2968 1232 3012; x_wconf 88' lang='lat' dir='ltr'><strong>causa</strong></span> <span class='ocrx_word' id='word_1_159' title='bbox 1244 2970 1253 3029; x_wconf 91' lang='lat'><strong>;</strong></span> <span class='ocrx_word' id='word_1_160' title='bbox 1269 2969 1358 3030; x_wconf 89' lang='lat' dir='ltr'><strong>quo-</strong></span> 
     </span>
     <span class='ocr_line' id='line_1_25' title="bbox 409 3049 1358 3124; baseline -0.001 -13"><span class='ocrx_word' id='word_1_161' title='bbox 409 3050 502 3112; x_wconf 88' lang='lat' dir='ltr'><strong>circa</strong></span> <span class='ocrx_word' id='word_1_162' title='bbox 531 3056 652 3111; x_wconf 85' lang='lat' dir='ltr'><strong>contra</strong></span> <span class='ocrx_word' id='word_1_163' title='bbox 682 3049 859 3111; x_wconf 86' lang='lat' dir='ltr'><strong>civitatem</strong></span> <span class='ocrx_word' id='word_1_164' title='bbox 890 3049 1081 3112; x_wconf 86' lang='lat' dir='ltr'><strong>exercitum</strong></span> <span class='ocrx_word' id='word_1_165' title='bbox 1112 3049 1226 3124; x_wconf 85' lang='lat' dir='ltr'><strong>duxit,</strong></span> <span class='ocrx_word' id='word_1_166' title='bbox 1257 3067 1358 3110; x_wconf 89' lang='lat' dir='ltr'><strong>mau-</strong></span> 
     </span>
     <span class='ocr_line' id='line_1_26' title="bbox 408 3141 1358 3227; baseline 0.001 -17"><span class='ocrx_word' id='word_1_167' title='bbox 408 3147 528 3210; x_wconf 85' lang='lat' dir='ltr'><strong>datum</strong></span> <span class='ocrx_word' id='word_1_168' title='bbox 554 3146 585 3206; x_wconf 90' lang='lat' dir='ltr'><strong>ei</strong></span> <span class='ocrx_word' id='word_1_169' title='bbox 608 3146 652 3208; x_wconf 94' lang='lat' dir='ltr'><strong>ab</strong></span> <span class='ocrx_word' id='word_1_170' title='bbox 676 3145 934 3227; x_wconf 84' lang='lat' dir='ltr'><strong>archiepiscopo</strong></span> <span class='ocrx_word' id='word_1_171' title='bbox 960 3155 999 3210; x_wconf 92' lang='lat' dir='ltr'><strong>ut</strong></span> <span class='ocrx_word' id='word_1_172' title='bbox 1013 3141 1139 3211; x_wconf 82' lang='lat' dir='ltr'><strong>⁹furori</strong></span> <span class='ocrx_word' id='word_1_173' title='bbox 1161 3146 1358 3224; x_wconf 85' lang='lat' dir='ltr'><strong>desisteret,</strong></span> 
     </span>
     <span class='ocr_line' id='line_1_27' title="bbox 408 3242 1357 3331; baseline 0.004 -25"><span class='ocrx_word' id='word_1_174' title='bbox 408 3263 472 3308; x_wconf 88' lang='lat' dir='ltr'><strong>nec</strong></span> <span class='ocrx_word' id='word_1_175' title='bbox 498 3249 657 3307; x_wconf 89' lang='lat' dir='ltr'><strong>sanctum</strong></span> <span class='ocrx_word' id='word_1_176' title='bbox 670 3242 871 3320; x_wconf 81' lang='lat' dir='ltr'><strong>Andraeam,</strong></span> <span class='ocrx_word' id='word_1_177' title='bbox 893 3245 929 3307; x_wconf 92' lang='lat' dir='ltr'><strong>in</strong></span> <span class='ocrx_word' id='word_1_178' title='bbox 952 3246 1051 3331; x_wconf 87' lang='lat' dir='ltr'><strong>cujus</strong></span> <span class='ocrx_word' id='word_1_179' title='bbox 1082 3246 1193 3310; x_wconf 87' lang='lat' dir='ltr'><strong>tutela</strong></span> <span class='ocrx_word' id='word_1_180' title='bbox 1222 3246 1357 3328; x_wconf 88' lang='lat' dir='ltr'><strong>episco-</strong></span> 
     </span>
    </p>
   </div>
   <div class='ocr_carea' id='block_1_5' title="bbox 399 3497 1358 4327">
    <p class='ocr_par' dir='ltr' id='par_1_5' title="bbox 408 3497 1358 3635">
     <span class='ocr_line' id='line_1_28' title="bbox 443 3497 1358 3568; baseline 0.007 -19"><span class='ocrx_word' id='word_1_181' title='bbox 443 3497 452 3530; x_wconf 94' lang='lat'>¹</span> <span class='ocrx_word' id='word_1_182' title='bbox 466 3500 616 3568; x_wconf 72' lang='lat' dir='ltr'><strong>Conticuit]</strong></span> <span class='ocrx_word' id='word_1_183' title='bbox 630 3501 658 3552; x_wconf 76' lang='lat' dir='ltr'><strong>S.</strong></span> <span class='ocrx_word' id='word_1_184' title='bbox 667 3503 697 3551; x_wconf 80' lang='lat'><strong>0.</strong></span> <span class='ocrx_word' id='word_1_185' title='bbox 706 3501 742 3552; x_wconf 89' lang='lat' dir='ltr'><strong>D.</strong></span> <span class='ocrx_word' id='word_1_186' title='bbox 750 3502 799 3563; x_wconf 85' lang='lat' dir='ltr'><strong>E.;</strong></span> <span class='ocrx_word' id='word_1_187' title='bbox 811 3517 870 3551; x_wconf 89' lang='lat' dir='ltr'><strong>con-</strong></span> <span class='ocrx_word' id='word_1_188' title='bbox 894 3502 970 3550; x_wconf 88' lang='lat' dir='ltr'><strong>bumt</strong></span> <span class='ocrx_word' id='word_1_189' title='bbox 988 3503 1077 3564; x_wconf 80' lang='lat' dir='ltr'><strong>hythe</strong></span> <span class='ocrx_word' id='word_1_190' title='bbox 1088 3503 1177 3554; x_wconf 84' lang='lat' dir='ltr'><strong>Danes</strong></span> <span class='ocrx_word' id='word_1_191' title='bbox 1194 3505 1221 3553; x_wconf 92' lang='lat' dir='ltr'><strong>iu</strong></span> <span class='ocrx_word' id='word_1_192' title='bbox 1238 3509 1297 3568; x_wconf 79' lang='lat'><strong>980,</strong></span> <span class='ocrx_word' id='word_1_193' title='bbox 1312 3520 1358 3556; x_wconf 86' lang='lat' dir='ltr'><strong>ac-</strong></span> 
     </span>
     <span class='ocr_line' id='line_1_29' title="bbox 408 3570 1357 3635; baseline 0.006 -17"><span class='ocrx_word' id='word_1_194' title='bbox 408 3571 492 3631; x_wconf 85' lang='lat' dir='ltr'><strong>tieuit,</strong></span> <span class='ocrx_word' id='word_1_195' title='bbox 503 3570 536 3619; x_wconf 98' lang='lat' dir='ltr'><strong>A.</strong></span> <span class='ocrx_word' id='word_1_196' title='bbox 548 3571 579 3619; x_wconf 78' lang='lat'><strong>1..</strong></span> <span class='ocrx_word' id='word_1_197' title='bbox 894 3571 999 3633; x_wconf 81' lang='lat' dir='ltr'><strong>eording</strong></span> <span class='ocrx_word' id='word_1_198' title='bbox 1016 3577 1041 3620; x_wconf 89' lang='lat' dir='ltr'><strong>to</strong></span> <span class='ocrx_word' id='word_1_199' title='bbox 1060 3573 1103 3622; x_wconf 84' lang='lat' dir='ltr'><strong>the</strong></span> <span class='ocrx_word' id='word_1_200' title='bbox 1114 3574 1170 3623; x_wconf 86' lang='lat' dir='ltr'><strong>best</strong></span> <span class='ocrx_word' id='word_1_201' title='bbox 1187 3588 1253 3635; x_wconf 80' lang='lat' dir='ltr'><strong>copy</strong></span> <span class='ocrx_word' id='word_1_202' title='bbox 1270 3575 1299 3623; x_wconf 85' lang='lat' dir='ltr'><strong>of</strong></span> <span class='ocrx_word' id='word_1_203' title='bbox 1311 3575 1357 3624; x_wconf 86' lang='lat' dir='ltr'><strong>the</strong></span> 
     </span>
    </p>

    <p class='ocr_par' dir='ltr' id='par_1_6' title="bbox 404 3638 1357 3911">
     <span class='ocr_line' id='line_1_30' title="bbox 442 3638 1357 3705; baseline 0.005 -16"><span class='ocrx_word' id='word_1_204' title='bbox 442 3638 453 3667; x_wconf 80' lang='lat'>²</span> <span class='ocrx_word' id='word_1_205' title='bbox 473 3641 539 3695; x_wconf 76' lang='lat' dir='ltr'><strong>Quia</strong></span> <span class='ocrx_word' id='word_1_206' title='bbox 558 3673 605 3690; x_wconf 89' lang='lat'><strong>...</strong></span> <span class='ocrx_word' id='word_1_207' title='bbox 623 3642 655 3690; x_wconf 78' lang='lat' dir='ltr'><strong>cd</strong></span> <span class='ocrx_word' id='word_1_208' title='bbox 673 3644 765 3704; x_wconf 77' lang='lat' dir='ltr'><strong>tempus</strong></span> <span class='ocrx_word' id='word_1_209' title='bbox 784 3640 867 3705; x_wconf 61' lang='lat' dir='ltr'><strong>illua]</strong></span> <span class='ocrx_word' id='word_1_210' title='bbox 893 3641 978 3689; x_wconf 86' lang='lat' dir='ltr'><strong>Saxcn</strong></span> <span class='ocrx_word' id='word_1_211' title='bbox 994 3641 1137 3692; x_wconf 82' lang='lat' dir='ltr'><strong>Chronicle.</strong></span> <span class='ocrx_word' id='word_1_212' title='bbox 1173 3644 1293 3693; x_wconf 87' lang='lat' dir='ltr'><strong>Florence</strong></span> <span class='ocrx_word' id='word_1_213' title='bbox 1304 3647 1357 3694; x_wconf 87' lang='lat' dir='ltr'><strong>aud</strong></span> 
     </span>
     <span class='ocr_line' id='line_1_31' title="bbox 407 3709 1343 3769; baseline 0.005 -11"><span class='ocrx_word' id='word_1_214' title='bbox 407 3709 533 3769; x_wconf 83' lang='lat' dir='ltr'><strong>Compare</strong></span> <span class='ocrx_word' id='word_1_215' title='bbox 558 3709 667 3758; x_wconf 84' lang='lat' dir='ltr'><strong>Osbern.</strong></span> <span class='ocrx_word' id='word_1_216' title='bbox 691 3709 733 3758; x_wconf 89' lang='lat' dir='ltr'><strong>De</strong></span> <span class='ocrx_word' id='word_1_217' title='bbox 757 3711 819 3758; x_wconf 82' lang='lat' dir='ltr'><strong>Vita</strong></span> <span class='ocrx_word' id='word_1_218' title='bbox 839 3711 866 3760; x_wconf 85' lang='lat' dir='ltr'><strong>S.</strong></span> <span class='ocrx_word' id='word_1_219' title='bbox 893 3709 1041 3759; x_wconf 84' lang='lat' dir='ltr'><strong>othersalso</strong></span> <span class='ocrx_word' id='word_1_220' title='bbox 1053 3712 1343 3764; x_wconf 81' lang='lat' dir='ltr'><strong>lixthateventinueo.</strong></span> 
     </span>
     <span class='ocr_line' id='line_1_32' title="bbox 406 3777 1356 3846; baseline 0.006 -20"><span class='ocrx_word' id='word_1_221' title='bbox 406 3777 544 3838; x_wconf 84' lang='lat' dir='ltr'><strong>Dunstaui,</strong></span> <span class='ocrx_word' id='word_1_222' title='bbox 561 3777 638 3839; x_wconf 78' lang='lat' dir='ltr'><strong>Angl.</strong></span> <span class='ocrx_word' id='word_1_223' title='bbox 661 3778 731 3828; x_wconf 85' lang='lat' dir='ltr'><strong>Sacr.</strong></span> <span class='ocrx_word' id='word_1_224' title='bbox 753 3793 814 3841; x_wconf 84' lang='lat' dir='ltr'><strong>pars</strong></span> <span class='ocrx_word' id='word_1_225' title='bbox 835 3793 866 3829; x_wconf 88' lang='lat'><strong>11.</strong></span> <span class='ocrx_word' id='word_1_226' title='bbox 928 3777 939 3807; x_wconf 82' lang='lat'>⁶</span> <span class='ocrx_word' id='word_1_227' title='bbox 951 3781 1123 3845; x_wconf 62' lang='lat' dir='ltr'><strong>Surrento-ut]</strong></span> <span class='ocrx_word' id='word_1_228' title='bbox 1134 3781 1168 3833; x_wconf 90' lang='lat' dir='ltr'><strong>A.</strong></span> <span class='ocrx_word' id='word_1_229' title='bbox 1180 3782 1210 3832; x_wconf 73' lang='lat' dir='ltr'><strong>S.</strong></span> <span class='ocrx_word' id='word_1_230' title='bbox 1218 3782 1253 3831; x_wconf 87' lang='lat' dir='ltr'><strong>D.</strong></span> <span class='ocrx_word' id='word_1_231' title='bbox 1265 3784 1356 3846; x_wconf 87' lang='lat' dir='ltr'><strong><em>E.L.;</em></strong></span> 
     </span>
     <span class='ocr_line' id='line_1_33' title="bbox 404 3849 1107 3911; baseline 0.009 -18"><span class='ocrx_word' id='word_1_232' title='bbox 404 3862 432 3907; x_wconf 83' lang='lat' dir='ltr'><strong>p.</strong></span> <span class='ocrx_word' id='word_1_233' title='bbox 447 3849 502 3894; x_wconf 80' lang='lat' dir='ltr'><strong>lla.</strong></span> <span class='ocrx_word' id='word_1_234' title='bbox 893 3853 1066 3911; x_wconf 83' lang='lat' dir='ltr'><strong>surrexerunt,</strong></span> <span class='ocrx_word' id='word_1_235' title='bbox 1076 3851 1107 3899; x_wconf 82' lang='lat' dir='ltr'><strong>G.</strong></span> 
     </span>
    </p>

    <p class='ocr_par' dir='ltr' id='par_1_7' title="bbox 404 3909 1356 4050">
     <span class='ocr_line' id='line_1_34' title="bbox 439 3909 1356 3983; baseline 0.008 -19"><span class='ocrx_word' id='word_1_236' title='bbox 439 3909 620 3982; x_wconf 74' lang='lat' dir='ltr'><strong>⁸Propterea]</strong></span> <span class='ocrx_word' id='word_1_237' title='bbox 637 3915 672 3966; x_wconf 94' lang='lat' dir='ltr'><strong>A.</strong></span> <span class='ocrx_word' id='word_1_238' title='bbox 685 3916 715 3965; x_wconf 83' lang='lat' dir='ltr'><strong>G.</strong></span> <span class='ocrx_word' id='word_1_239' title='bbox 728 3914 762 3964; x_wconf 88' lang='lat' dir='ltr'><strong>D.</strong></span> <span class='ocrx_word' id='word_1_240' title='bbox 775 3917 808 3967; x_wconf 84' lang='lat' dir='ltr'><strong>E.</strong></span> <span class='ocrx_word' id='word_1_241' title='bbox 817 3917 866 3980; x_wconf 80' lang='lat' dir='ltr'><strong>L.;</strong></span> <span class='ocrx_word' id='word_1_242' title='bbox 927 3913 1063 3983; x_wconf 69' lang='lat' dir='ltr'><strong>⁷chm]</strong></span> <span class='ocrx_word' id='word_1_243' title='bbox 1075 3918 1109 3970; x_wconf 90' lang='lat' dir='ltr'><strong>A.</strong></span> <span class='ocrx_word' id='word_1_244' title='bbox 1123 3920 1153 3970; x_wconf 87' lang='lat' dir='ltr'><strong>G.</strong></span> <span class='ocrx_word' id='word_1_245' title='bbox 1165 3919 1201 3968; x_wconf 90' lang='lat' dir='ltr'><strong>D.</strong></span> <span class='ocrx_word' id='word_1_246' title='bbox 1210 3920 1242 3969; x_wconf 86' lang='lat' dir='ltr'><strong>E.</strong></span> <span class='ocrx_word' id='word_1_247' title='bbox 1250 3920 1281 3970; x_wconf 84' lang='lat' dir='ltr'><strong>L.</strong></span> <span class='ocrx_word' id='word_1_248' title='bbox 1292 3937 1299 3982; x_wconf 89' lang='lat'>;</span> <span class='ocrx_word' id='word_1_249' title='bbox 1315 3936 1356 3970; x_wconf 84' lang='lat' dir='ltr'><strong>re·</strong></span> 
     </span>
     <span class='ocr_line' id='line_1_35' title="bbox 404 3985 1097 4050; baseline 0.006 -16"><span class='ocrx_word' id='word_1_250' title='bbox 404 3987 508 4034; x_wconf 85' lang='lat' dir='ltr'><strong>omitted</strong></span> <span class='ocrx_word' id='word_1_251' title='bbox 518 3987 544 4033; x_wconf 91' lang='lat' dir='ltr'><strong>in</strong></span> <span class='ocrx_word' id='word_1_252' title='bbox 556 3985 585 4034; x_wconf 73' lang='lat' dir='ltr'><strong>S.</strong></span> <span class='ocrx_word' id='word_1_253' title='bbox 893 4000 950 4047; x_wconf 82' lang='lat' dir='ltr'><strong>gem</strong></span> <span class='ocrx_word' id='word_1_254' title='bbox 962 3989 1056 4050; x_wconf 86' lang='lat' dir='ltr'><strong>ipsum,</strong></span> <span class='ocrx_word' id='word_1_255' title='bbox 1069 3988 1097 4038; x_wconf 78' lang='lat' dir='ltr'><strong>S.</strong></span> 
     </span>
    </p>

    <p class='ocr_par' dir='ltr' id='par_1_8' title="bbox 401 4053 1353 4188">
     <span class='ocr_line' id='line_1_36' title="bbox 440 4053 1353 4122; baseline 0.004 -18"><span class='ocrx_word' id='word_1_256' title='bbox 440 4053 673 4119; x_wconf 73' lang='lat' dir='ltr'><strong>*Angliumveait.]</strong></span> <span class='ocrx_word' id='word_1_257' title='bbox 688 4055 717 4106; x_wconf 85' lang='lat' dir='ltr'><strong>G.</strong></span> <span class='ocrx_word' id='word_1_258' title='bbox 727 4055 762 4105; x_wconf 88' lang='lat' dir='ltr'><strong>D.</strong></span> <span class='ocrx_word' id='word_1_259' title='bbox 774 4057 807 4108; x_wconf 88' lang='grc' dir='ltr'><strong>Ε.</strong></span> <span class='ocrx_word' id='word_1_260' title='bbox 815 4057 865 4118; x_wconf 78' lang='lat' dir='ltr'><strong>L.;</strong></span> <span class='ocrx_word' id='word_1_261' title='bbox 927 4053 936 4082; x_wconf 83' lang='lat'>⁸</span> <span class='ocrx_word' id='word_1_262' title='bbox 948 4056 1089 4118; x_wconf 81' lang='lat' dir='ltr'><strong>Simultaa.]</strong></span> <span class='ocrx_word' id='word_1_263' title='bbox 1109 4055 1143 4107; x_wconf 86' lang='lat' dir='ltr'><strong>A.</strong></span> <span class='ocrx_word' id='word_1_264' title='bbox 1160 4057 1189 4107; x_wconf 76' lang='lat' dir='ltr'><strong>S.</strong></span> <span class='ocrx_word' id='word_1_265' title='bbox 1206 4058 1240 4106; x_wconf 87' lang='lat' dir='ltr'><strong>D.</strong></span> <span class='ocrx_word' id='word_1_266' title='bbox 1257 4060 1290 4108; x_wconf 88' lang='grc' dir='ltr'><strong>Ε.</strong></span> <span class='ocrx_word' id='word_1_267' title='bbox 1303 4061 1334 4109; x_wconf 85' lang='lat' dir='ltr'><strong>L.</strong></span> <span class='ocrx_word' id='word_1_268' title='bbox 1345 4076 1353 4122; x_wconf 93' lang='lat'>;</span> 
     </span>
     <span class='ocr_line' id='line_1_37' title="bbox 401 4122 1086 4188; baseline 0.001 -16"><span class='ocrx_word' id='word_1_269' title='bbox 401 4125 498 4186; x_wconf 78' lang='lat' dir='ltr'><strong>Anglia</strong></span> <span class='ocrx_word' id='word_1_270' title='bbox 508 4124 566 4185; x_wconf 81' lang='lat' dir='ltr'><strong>fuit,</strong></span> <span class='ocrx_word' id='word_1_271' title='bbox 577 4122 610 4173; x_wconf 88' lang='lat' dir='ltr'><strong>A.</strong></span> <span class='ocrx_word' id='word_1_272' title='bbox 623 4125 652 4174; x_wconf 77' lang='lat' dir='ltr'><strong>S.</strong></span> <span class='ocrx_word' id='word_1_273' title='bbox 891 4125 1044 4188; x_wconf 80' lang='lat' dir='ltr'><strong>simultates,</strong></span> <span class='ocrx_word' id='word_1_274' title='bbox 1057 4129 1086 4176; x_wconf 85' lang='lat' dir='ltr'><strong>G.</strong></span> 
     </span>
    </p>

    <p class='ocr_par' dir='ltr' id='par_1_9' title="bbox 399 4192 1355 4327">
     <span class='ocr_line' id='line_1_38' title="bbox 436 4192 1355 4262; baseline 0.007 -20"><span class='ocrx_word' id='word_1_275' title='bbox 436 4192 511 4242; x_wconf 62' lang='grc' dir='ltr'><strong>ὅΝεο</strong></span> <span class='ocrx_word' id='word_1_276' title='bbox 529 4193 604 4241; x_wconf 76' lang='lat' dir='ltr'><strong>multo</strong></span> <span class='ocrx_word' id='word_1_277' title='bbox 620 4197 684 4255; x_wconf 79' lang='lat' dir='ltr'><strong>pest,</strong></span> <span class='ocrx_word' id='word_1_278' title='bbox 700 4194 727 4241; x_wconf 75' lang='lat' dir='ltr'><strong>ia</strong></span> <span class='ocrx_word' id='word_1_279' title='bbox 743 4199 789 4256; x_wconf 80' lang='lat' dir='ltr'><strong>est,</strong></span> <span class='ocrx_word' id='word_1_280' title='bbox 799 4210 863 4244; x_wconf 78' lang='lat' dir='ltr'><strong>anno</strong></span> <span class='ocrx_word' id='word_1_281' title='bbox 925 4192 1061 4260; x_wconf 80' lang='lat' dir='ltr'><strong>⁹Furori.]</strong></span> <span class='ocrx_word' id='word_1_282' title='bbox 1080 4197 1110 4245; x_wconf 83' lang='lat' dir='ltr'><strong>G.</strong></span> <span class='ocrx_word' id='word_1_283' title='bbox 1126 4196 1162 4244; x_wconf 90' lang='lat' dir='ltr'><strong>D.</strong></span> <span class='ocrx_word' id='word_1_284' title='bbox 1182 4197 1231 4258; x_wconf 81' lang='lat' dir='ltr'><strong>E.;</strong></span> <span class='ocrx_word' id='word_1_285' title='bbox 1257 4198 1355 4262; x_wconf 83' lang='lat' dir='ltr'><strong>furore,</strong></span> 
     </span>
     <span class='ocr_line' id='line_1_39' title="bbox 399 4257 1160 4327; baseline 0.007 -18"><span class='ocrx_word' id='word_1_286' title='bbox 399 4260 451 4319; x_wconf 71' lang='lat' dir='ltr'><strong>cius</strong></span> <span class='ocrx_word' id='word_1_287' title='bbox 472 4257 576 4327; x_wconf 75' lang='lat' dir='ltr'><strong>tertia]</strong></span> <span class='ocrx_word' id='word_1_288' title='bbox 604 4262 786 4324; x_wconf 85' lang='lat' dir='ltr'><strong>Seuthampton</strong></span> <span class='ocrx_word' id='word_1_289' title='bbox 808 4279 863 4314; x_wconf 85' lang='lat' dir='ltr'><strong>was</strong></span> <span class='ocrx_word' id='word_1_290' title='bbox 890 4263 937 4323; x_wconf 61' lang='grc' dir='ltr'><strong>ἃς</strong></span> <span class='ocrx_word' id='word_1_291' title='bbox 954 4263 1117 4327; x_wconf 85' lang='lat' dir='ltr'><strong>furorcm‚A.</strong></span> <span class='ocrx_word' id='word_1_292' title='bbox 1130 4264 1160 4314; x_wconf 80' lang='lat'><strong>1..</strong></span> 
     </span>
    </p>
   </div>
   <div class='ocr_carea' id='block_1_6' title="bbox 0 0 1579 4976">
    <p class='ocr_par' dir='ltr' id='par_1_10' title="bbox 0 0 1579 4976">
     <span class='ocr_line' id='line_1_40' title="bbox 0 0 1579 4976; baseline 0 0"><span class='ocrx_word' id='word_1_293' title='bbox 0 0 1579 4976; x_wconf 95' lang='lat' dir='ltr'><strong> </strong></span> 
     </span>
    </p>
   </div>
  </div>
 </body>
</html>
