3162 4972
233 496 302 544 mn.
319 479 360 559 1.]
453 494 567 542 cnsrn
592 495 716 542 nncuu
742 494 954 543 tuononuu.
1122 483 1187 546 109

232 651 515 716 abrenunciaret:
539 650 639 734 cujus
656 649 735 714 fidei
751 651 955 735 participem
971 652 1186 734 provinciam
1197 667 1205 676 “
1232 695 1245 726 2

233 772 344 828 suam,
370 751 544 814 arridente
568 750 665 832 regni
693 752 892 828 serenitate,
919 771 1039 815 socero
1063 752 1186 815 suffra-

232 858 350 933 gante,
366 851 480 914 lacere
496 857 728 932 procurasset,
744 850 811 913 nisi
828 858 901 915 tam
919 850 1001 915 laeta
1017 851 1188 934 principia

233 969 338 1026 mors,
362 970 425 1032 per
456 949 600 1012 insidias
632 950 765 1025 uxoris,
788 955 828 1012 ut
850 949 988 1028 dicitur,
1010 949 1186 1028 festinata,
1199 970 1307 1011 unua

232 1041 436 1134 succideret.
471 1041 588 1112 ¹'l'unc
604 1067 749 1130 regnum
759 1048 899 1113 Oswius
913 1051 1078 1132 suscepit,
1093 1051 1187 1132 quod

233 1149 310 1225 sibi,
329 1156 365 1212 et
380 1147 536 1212 victoriae
561 1148 597 1210 in
622 1155 769 1230 patrem,
794 1155 829 1211 et
854 1146 1031 1212 affinitatis
1045 1149 1126 1231 jure
1151 1150 1187 1212 in

149 1262 152 1268 '
234 1248 355 1324 filium,
372 1255 566 1328 competere
577 1248 771 1311 videbatur.
804 1247 872 1311 Sed
888 1248 1090 1311 animositas
1106 1268 1186 1330 pro·

235 1347 433 1411 vincialium
450 1340 541 1411 ²non
558 1346 651 1410 ultra
666 1347 852 1409 triennium
867 1347 982 1428 potuit
998 1346 1086 1410 ferre
1108 1367 1186 1429 reg-

235 1454 376 1510 nantem
389 1467 398 1526 3
416 1446 573 1528 expulsis
586 1447 677 1510 enim
692 1446 769 1529 ejus
778 1445 935 1522 ducibus,
946 1437 1187 1528 ³Wulleroque

236 1545 365 1609 Pandae
382 1546 454 1609 fiho
471 1546 508 1608 in
533 1565 634 1608 omen
650 1547 748 1627 regni
765 1539 969 1622 acclamato,
992 1545 1187 1610 libertatem

234 1647 374 1728 recepit.

289 1744 376 1827 §7a
400 1742 592 1821 Wulferus,
615 1763 658 1806 ne
686 1762 783 1825 spem
808 1742 936 1807 civium
960 1743 1108 1822 falleret,
1133 1765 1186 1809 se·
1200 1769 1311 1817 warnos,

235 1842 317 1908 dulo
348 1851 520 1925 satagere,
547 1844 683 1924 magnis
708 1850 743 1906 et
767 1843 873 1906 animi
898 1850 933 1906 et
958 1845 1112 1926 corporis
1134 1846 1187 1909 vi·
1200 1819 1309 1860 “²⁶⁵²

238 1943 345 2021 ribuS,
374 1943 494 2007 utilem
525 1962 563 2006 se
592 1943 781 2025 principem
813 1949 1007 2006 ostentare:
1040 1943 1188 2027 denique

236 2040 532 2108 christianitatem
548 2043 610 2106 vix
627 2042 662 2104 in
678 2060 786 2124 regno
811 2060 875 2104 suo
895 2042 1138 2124 palpitantem,
1152 2052 1189 2107 et

235 2162 297 2224 per
312 2143 452 2206 fratrem
468 2141 652 2218 initiatam,
668 2142 787 2205 lavore
797 2160 861 2204 suo
870 2142 1069 2206 enixissime
1078 2142 1185 2224 juvit.

236 2240 363 2305 Primis
379 2242 450 2305 fere
466 2242 566 2304 annis
582 2260 604 2304 a
620 2260 701 2322 rege
717 2239 1016 2319 west-Saxonum
1033 2243 1187 2322 graviter

236 2340 397 2418 afflictus
412 2334 651 2424 *sequentibus
667 2339 803 2404 consilii
818 2340 1007 2404 vivacitate
1022 2340 1186 2424 injuriam
1198 2364 1253 2405 un.
1263 2365 1311 2404 ru.

235 2439 454 2523 propulsans,
478 2441 584 2503 etiam
608 2440 722 2522 ipsum
738 2438 877 2504 Wehtae
893 2438 1018 2504 insulae
1034 2440 1186 2505 dominio

236 2540 431 2620 mutilavit3
470 2539 694 2621 eandemque,
726 2539 814 2601 ritus
854 2537 1043 2620 sacrilegos
1075 2539 1187 2603 adhuc

237 2639 467 2716 anhelantem,
485 2639 529 2702 ad
553 2645 687 2701 rectum
711 2635 885 2699 tramitem
909 2636 1101 2714 inflectens
1118 2658 1187 2702 non

236 2739 345 2803 multo
369 2746 450 2820 post
472 2739 547 2819 regi
561 2736 778 2803 Australium
803 2735 982 2799 Saxonum
999 2735 1187 2800 Ethelwal·

237 2835 308 2915 hio,
333 2858 436 2921 quem
460 2839 496 2901 in
519 2837 692 2921 baptismo
724 2842 936 2918 susceperat,
962 2836 1077 2917 gratia
1107 2836 1187 2899 fidei

237 2936 341 3002 dedit.
393 2937 525 3002 Verum
559 2937 734 3001 enimvero
774 2935 860 3012 haec,
896 2941 931 2998 et
970 2954 1188 3018 quaecunque

236 3036 312 3119 ejus
342 3038 446 3114 bona,
477 3035 586 3101 inficit
618 3043 653 3100 et
668 3035 846 3117 deprimit
876 3035 994 3116 gravis
1031 3034 1187 3099 simoniae

235 3143 331 3215 nota,
369 3137 462 3220 quod
493 3135 624 3218 primus
664 3155 786 3216 regum
816 3132 1013 3215 Anglorum
1050 3153 1192 3198 sacrum

236 3235 475 3319 episcopatum
497 3235 687 3300 Londoniae
703 3229 858 3297 ⁶euidam
874 3232 989 3297 Winae
1003 3235 1187 3298 ambitioso
1198 3252 1308 3292 anua

236 3336 434 3400 venditarit.
489 3334 625 3398 Habuit
640 3335 676 3396 in
691 3332 911 3396 matrimonio
921 3331 1027 3395 filiam
1044 3331 1187 3396 Ercom·

271 3576 280 3608 ¹
297 3580 364 3628 Tunc
384 3593 487 3640 reguum
507 3576 605 3626 Osinius
621 3593 699 3626 msce-
722 3577 851 3625 Wullheri
862 3577 1037 3626 succeededto
1047 3576 1102 3625 that
1112 3575 1186 3639 king·

233 3648 295 3712 pit]
312 3647 387 3696 After
398 3648 488 3696 Panda
497 3661 552 3695 was
563 3646 698 3708 vunquish·
723 3647 790 3706 dom,
801 3646 871 3696 Aa).
882 3649 939 3696 ott.

236 3718 269 3766 ed
293 3718 326 3777 by
348 3716 450 3777 Oswid,
471 3717 514 3764 the
536 3716 657 3776 kingdom
673 3716 703 3765 ol
758 3714 940 3778 ⁴Sequentibua
958 3749 1005 3766 ...
1028 3715 1122 3764 Weutoe
1147 3715 1186 3763 iu·

236 3785 699 3847 Maroialellintohishands3apor·
723 3786 783 3834 sula
804 3787 908 3834 domimo
929 3779 1077 3854 mutilavit]
1103 3785 1186 3834 Wuls-

234 3857 287 3905 tion
298 3856 328 3904 ot
334 3855 418 3904 which
436 3856 468 3904 he
485 3855 615 3903 bestowed
631 3870 699 3915 upon
723 3853 777 3903 heri
801 3855 918 3904 defeated
940 3855 1103 3916 Cyneweolh,
1122 3855 1185 3917 king

237 3926 336 3986 Peadn,
353 3925 419 3974 atter
428 3925 515 3974 whose
531 3924 608 3972 death
624 3925 645 3972 it
661 3939 700 3973 re·
723 3923 752 3971 ot
767 3925 884 3987 Wessex,
903 3924 1053 3984 A.1).oo1;
1075 3924 1126 3971 und
1142 3925 1185 3971 be-

235 3995 471 4044 vertedtoOswitl.
723 3993 820 4042 stowed
841 3995 884 4043 the
901 3995 949 4042 isle
968 3992 998 4041 of
1010 3993 1098 4053 Wight
1118 4007 1186 4052 upon

270 4062 281 4094 ²
305 4067 362 4114 Nou
384 4067 450 4114 ultra
472 4062 626 4126 scotum]
652 4062 699 4110 See
724 4062 890 4112 Aethilnualh
901 4061 931 4111 ol
936 4063 1043 4123 Sussex,
1054 4061 1093 4110 lor
1103 4062 1186 4109 whom

238 4135 319 4194 Beda,
330 4135 375 4184 ltb.
388 4147 429 4184 111.
440 4151 464 4183 c.
476 4134 610 4195 24‚§224.
724 4132 755 4180 he
766 4132 818 4181 had
828 4133 900 4181 stood
917 4133 943 4181 in
960 4129 1078 4192 baptism.
1114 4131 1187 4196 (Sar.

271 4199 475 4271 ³miseroque]
500 4204 576 4265 Upon
598 4202 640 4251 the
657 4216 700 4250 ex·
725 4202 818 4251 Chron.
831 4199 983 4264 absol.)

236 4275 338 4336 pulsion
357 4275 386 4323 ot
401 4273 492 4324 oswin
510 4271 573 4322 from
594 4272 701 4334 Marcia,
760 4269 886 4321 ⁵cotdnm
898 4269 1187 4334 Winoe.]Wini,bishop
