3162 4972
405 489 451 555 92
629 507 743 554 unsri
767 507 893 554 aucun
918 504 1132 584 nucnoauu.
1230 489 1316 570 [mn.
1336 507 1359 553 ι.

246 685 373 726 imru
406 661 516 729 multo
532 671 685 746 tempore
700 664 737 728 in
753 671 828 729 tota
852 664 967 728 insula
989 661 1179 726 studiorum
1205 662 1360 744 detepuit

245 737 310 776 Beda.

405 763 529 829 servor.
591 763 761 845 Magnum
786 765 937 846 ignaviae
965 762 1200 827 testimonium
1227 761 1360 826 dabunt

404 883 526 930 versus
551 863 729 946 epitaphii,
752 864 903 947 pudendi
933 877 1087 946 prorsus,
1117 867 1153 926 et
1181 861 1270 926 tanti
1295 861 1359 925 viri

404 963 581 1028 mausoleo
594 963 746 1046 indigni:

336 1149 340 1156 -
405 1109 415 1140 ‘
435 1103 622 1186 Presbyter
635 1102 691 1166 hic
707 1102 805 1166 Beda
817 1099 1014 1183 requiescit,
1030 1120 1134 1165 carne
1149 1101 1327 1183 sepultus:

246 2356 346 2397 cedluull

245 2408 359 2454 abdicarer,

246 2459 272 2498 ΔΙ
275 2458 301 2498 D!
312 2455 356 2497 ⁷³⁷!

434 1203 552 1280 Dona,
575 1201 723 1279 Christe,
744 1202 893 1265 animam
912 1202 950 1264 in
969 1201 1067 1264 coelis
1091 1200 1242 1283 gaudere
1267 1221 1329 1283 per

558 1321 671 1366 aevrrm
682 1321 691 1380 ;

436 1403 561 1484 Daque
576 1395 689 1464 ¹illum
703 1398 834 1482 sophiae
848 1398 997 1463 debriari
1010 1399 1117 1477 fonte,
1134 1399 1191 1462 cui
1202 1398 1277 1481 jam

439 1500 635 1584 Suspiravit
649 1518 770 1577 ovans,
783 1500 917 1563 intento
932 1518 1067 1583 semper
1080 1499 1221 1564 amore.’

459 1640 545 1724 §63
582 1639 761 1704 Poterit-ne
789 1638 862 1701 ulla
896 1640 1122 1704 excusatione
1157 1639 1213 1703 hic
1250 1641 1361 1722 pudor

407 1741 602 1816 extenuari,
630 1746 668 1803 ut
705 1757 769 1802 nec
801 1738 838 1800 in
868 1757 909 1801 eo
945 1739 1167 1816 monasterio,
1204 1740 1263 1804 ubi
1300 1739 1361 1804 illo

399 1838 547 1904 'vivente
574 1839 681 1903 totius
709 1838 899 1902 literaturae
925 1839 1107 1904 exultabat
1129 1839 1359 1922 gymnasium,

407 1939 560 2022 potuerit
590 1938 739 2002 inveniri
761 1937 865 2000 homo
886 1937 945 2019 qui
967 1940 1167 2003 memoriam
1189 1938 1265 2022 ejus
1288 1939 1358 2001 for-

407 2045 519 2103 maret
544 2038 611 2101 nisi
626 2036 709 2102 exili
732 2043 767 2101 et
789 2037 976 2100 miserabili
991 2038 1099 2102 stilol
1152 2038 1219 2101 Sed
1235 2038 1277 2101 de
1293 2038 1358 2102 hoc

407 2139 493 2202 satis
510 2137 661 2204 dictum:
684 2156 776 2200 nunc
796 2137 889 2219 quod
912 2137 948 2200 in
974 2139 1133 2202 manibus
1158 2145 1235 2204 erat
1260 2157 1358 2220 repe·

407 2245 492 2304 tam.

459 2337 545 2421 §dh
564 2334 788 2411 chelwulfus,
801 2335 889 2400 eitra
904 2333 1115 2418 gravitatem
1127 2334 1359 2400 Christianam

407 2437 583 2510 ¹aestimana
619 2437 763 2499 terrenis
797 2436 945 2517 negotiis
981 2434 1128 2513 immori,
1164 2443 1244 2517 post
1280 2443 1361 2500 octo

406 2555 517 2602 annos
554 2535 654 2618 regni
680 2554 796 2618 regem
831 2553 974 2612 exuens,
1011 2536 1049 2600 in
1086 2534 1359 2600 Lindisfarnensi

405 2637 551 2702 ecclesia
576 2629 838 2699 ²monaehatum
863 2635 1019 2717 accepit:
1048 2654 1117 2718 quo
1138 2635 1206 2698 loci
1228 2644 1360 2717 quanta

406 2738 606 2801 meritorum
632 2736 746 2816 gratia
769 2742 994 2799 conversatus
1017 2735 1075 2813 sit,
1098 2741 1249 2798 testatur
1270 2736 1359 2800 cele·

406 2837 478 2900 bris
483 2836 590 2920 juxta
599 2836 740 2898 beatum
752 2828 1196 2918 Cuthbertum³sepultura‚
1206 2842 1241 2899 et
1250 2836 1360 2899 multu

407 2927 572 3017 ‘superne
586 2932 736 2997 demissa
748 2934 925 2998 miracula.

343 3059 359 3105 a
452 3033 536 3117 565.
561 3032 768 3096 Providerat
790 3040 882 3111 ante,
900 3054 944 3098 ne
957 3031 1137 3097 vacillaret
1151 3035 1357 3117 respublica,

405 3133 593 3208 substituto
608 3132 645 3194 in
664 3152 809 3213 regnum
829 3127 1002 3216 ⁵Egberto
1018 3133 1136 3214 patrui
1149 3133 1242 3213 filio;
1267 3135 1358 3216 quod

405 3231 465 3296 ille
492 3238 684 3314 acceptum,
719 3234 886 3296 bonorum
912 3240 1027 3297 terens
1056 3233 1199 3311 orbitas,
1235 3233 1360 3316 viginti
1388 3223 1392 3234 ’

405 3332 507 3406 annis
546 3331 686 3414 egregio
722 3333 952 3396 moderamine
988 3333 1152 3398 coercuit.
1224 3332 1361 3398 Habuit

405 3433 547 3498 fratrem
569 3433 797 3514 aequivocum,
818 3431 966 3497 Eboraci
978 3431 1284 3514 archiepiscopum,
1300 3433 1360 3515 qui

442 3594 449 3625 ¹
461 3596 557 3658 Illum]
578 3597 607 3645 0.
619 3595 654 3644 D.
664 3595 697 3644 Ε.
706 3593 762 3654 Μ.;
778 3592 868 3654 ἰΗὶ,Α.
929 3589 940 3622 ⁴
951 3587 1082 3656 stipem]
1099 3591 1133 3642 Α.
1143 3592 1172 3642 S.
1184 3593 1214 3642 0.
1223 3591 1297 3642 Μ.
1306 3591 1360 3654 M.;

405 3667 435 3716 8.
447 3665 478 3715 L.
895 3677 1014 3726 superna,
1025 3663 1059 3714 Ε.

440 3727 656 3800 'Moauehutum.]
669 3732 704 3781 D.
716 3733 755 3781 M.
765 3748 772 3792 ;
784 3746 869 3781 mona-

397 3804 494 3865 chum,
506 3802 539 3852 A.
550 3803 579 3852 G.
590 3803 621 3853 ll.
630 3801 675 3861 L.;
694 3803 868 3851 monachicum
928 3797 1081 3864 ‘Egbcrtofl
1097 3800 1198 3850 Simeon
1206 3800 1235 3850 oi
1242 3800 1358 3850 Durham

406 3873 530 3934 habiturn,
552 3870 758 3933 S.-Cebluulf,
775 3872 869 3935 having
894 3871 944 3919 and
965 3871 1037 3920 other
1062 3870 1211 3920 authorities
1233 3871 1283 3919 call
1307 3871 1359 3922 this

406 3943 542 4001 abdicated
558 3943 601 3992 the
622 3942 709 3991 throne
731 3941 758 3990 in
779 3942 870 3992 favour
894 3941 957 4002 king
976 3939 1116 3990 Ebdberht.
1163 3940 1308 4002 According
1332 3945 1358 3991 to

407 4016 437 4064 ol
451 4014 492 4064 his
505 4013 594 4063 cousin
610 4010 750 4076 eadberht,
765 4013 868 4062 became
895 4011 1068 4070 Malmesbury
1092 4009 1124 4057 he
1147 4009 1198 4059 had
1221 4024 1237 4058 a
1257 4010 1360 4059 brother

376 4075 389 4098 ⁴
406 4083 599 4137 amonhinthe
611 4097 672 4144 year
683 4086 740 4132 737.
893 4081 922 4129 oi
935 4081 978 4130 the
992 4094 1060 4129 same
1074 4092 1158 4142 name,
1172 4077 1322 4140 archbishop
1334 4080 1363 4128 of

442 4150 612 4218 'Sepulturcd
628 4151 868 4202 Cebluuliwasbu-
893 4151 973 4200 York.
1010 4149 1139 4211 Ecgberht
1160 4164 1215 4198 was
1236 4150 1358 4198 ordained

406 4224 461 4273 ried
473 4228 499 4271 at
508 4220 675 4282 Lindisiarne‚
688 4222 733 4269 but
744 4222 785 4270 the
794 4226 869 4271 exact
893 4220 983 4280 bishop
995 4220 1024 4268 oi
1031 4220 1086 4268 that
1094 4234 1136 4268 see
1145 4220 1216 4270 Aa).
1224 4223 1282 4270 732.
1311 4221 1359 4271 See

406 4308 467 4355 year
478 4292 507 4341 oi
513 4291 553 4341 his
563 4291 640 4340 death
651 4292 674 4339 is
685 4294 727 4338 not
738 4291 840 4340 known.
893 4295 950 4339 note
963 4287 981 4352 ¹,
993 4305 1018 4352 p.
1031 4293 1073 4341 ot.
