3112 4968
389 481 455 545 330
614 495 728 544 00011
752 495 879 542 nnouu
904 493 1117 542 1110000011.
1200 479 1286 560 [0111.
1304 495 1344 542 11.

392 659 520 716 nosset.
574 651 667 716 Nam
690 651 772 716 dum
796 651 947 734 quadam
961 651 1039 716 vice
1052 657 1217 716 venatum
1244 653 1341 726 isset,

392 759 428 816 et
452 752 600 833 agrestis
618 751 759 833 quidam
781 751 959 815 stabulata
979 751 1042 814 illa
1064 751 1189 832 quibus
1210 751 1247 813 in
1265 770 1341 814 cas-

391 871 447 914 ses
475 851 567 928 ceryi
598 859 768 932 urgentur
794 851 1018 926 confudisset,
1046 850 1105 914 ille
1137 869 1203 914 sua
1233 851 1341 914 nobili

391 951 545 1032 percitus
573 951 638 1026 ira,
672 949 765 1013 ‘Per
789 949 928 1026 Deum,'
955 949 1081 1032 inquit,
1113 954 1170 1012 ‘et
1193 955 1340 1012 matrem

391 1050 480 1133 ejus,
505 1049 709 1113 tantundem
733 1049 796 1113 tibi
818 1049 950 1113 nocebo
977 1049 1007 1111 si
1033 1047 1179 1130 potero.'
1230 1049 1340 1130 Egre-

392 1149 471 1229 gius
488 1149 635 1225 animus,
654 1149 714 1230 qui
733 1167 771 1210 se
795 1168 913 1230 regem
929 1147 966 1210 in
982 1147 1111 1211 talibus
1134 1168 1205 1211 non
1220 1149 1340 1211 memi-

392 1248 513 1324 nisset,
539 1267 603 1311 neo
624 1247 770 1331 abjectae
794 1247 1002 1311 conditionis
1027 1246 1158 1309 homini
1178 1265 1215 1309 se
1238 1265 1340 1328 posse

391 1367 515 1410 nocere
531 1353 680 1428 putaret.
733 1347 821 1410 Erat
840 1347 975 1410 interea
997 1344 1073 1429 ejus
1090 1345 1183 1427 apud
1204 1345 1340 1409 domes-

393 1446 481 1510 ticos
505 1445 699 1510 reverentia
723 1444 920 1522 vehemens,
947 1444 1039 1527 apud
1067 1451 1207 1508 exteros
1226 1451 1341 1510 metus

392 1545 547 1626 ingens;
584 1544 727 1617 fovebat
765 1544 921 1627 profecto
964 1543 1040 1627 ejus
1082 1543 1340 1626 simplicitatem

394 1644 504 1720 Deus,
524 1651 564 1708 ut
583 1650 702 1726 posset
719 1645 833 1707 timeri
848 1644 908 1726 qui
924 1643 1074 1706 nesciret
1091 1643 1208 1706 irasci.
1260 1642 1340 1720 Sed,

394 1743 553 1824 quamvis
571 1736 645 1807 ¹vel
660 1743 759 1806 deses
775 1742 831 1807 vel
854 1742 1004 1825 simplex
1025 1748 1219 1824 putaretur,
1235 1740 1342 1806 habe-

393 1843 455 1905 bat
475 1843 618 1905 comites
637 1843 697 1924 qui
720 1861 799 1905 eum
822 1861 868 1904 ex
889 1841 1010 1904 humili
1026 1842 1063 1904 in
1080 1840 1190 1905 altum
1211 1861 1340 1904 conan-

393 1947 464 2004 tem
493 1940 677 2022 erigerent.
737 1934 950 2005 ²Siwardum
988 1939 1341 2018 Nortbimbrensium,

393 2039 465 2121 qui,
485 2038 590 2123 jussu
617 2039 694 2124 ejus
724 2058 803 2103 cum
834 2039 1016 2103 Scotorum
1043 2058 1124 2121 rege
1151 2037 1342 2102 Macbetha

392 2157 611 2220 congressus,
639 2139 714 2202 vita
736 2158 912 2221 regnoque
934 2139 1120 2220 spoliavit3
1143 2137 1342 2220 ibidemque

391 2232 650 2315 ³Malcolmum,
667 2237 777 2301 filium
792 2239 885 2320 regis
901 2236 1142 2313 Cumbrorum,
1159 2256 1276 2318 regem
1286 2237 1341 2299 in-

391 2339 518 2401 stituit.
571 2335 745 2400 Lefricum
760 2336 1080 2414 Herefordensium,
1092 2337 1152 2418 qui
1164 2355 1243 2400 eum
1257 2357 1340 2400 con-

392 2443 448 2500 tra
474 2435 669 2500 simultates
686 2429 868 2500 *Godwini
885 2436 1006 2500 favore
1031 2435 1218 2517 magnifico
1244 2441 1339 2499 tuta-

391 2537 506 2612 batur,
539 2535 632 2616 quod
661 2535 719 2598 ille
745 2535 872 2598 fidente
899 2535 1111 2599 conscientia
1138 2535 1340 2597 meritorum

392 2636 506 2698 minus
534 2654 651 2716 regem
673 2641 898 2698 revereretur.
952 2633 1131 2697 Leofricus
1154 2653 1232 2696 cum
1257 2653 1340 2697 con-

387 2734 475 2818 juge
492 2733 642 2810 Godiva‚
658 2732 695 2797 in
711 2734 778 2798 Dei
800 2733 904 2796 rebus
918 2733 1113 2810 munificus,
1129 2733 1341 2796 monasteria

392 2834 504 2897 multa
542 2833 742 2912 constituit;
780 2831 1009 2908 coventreiae,
1050 2838 1183 2896 sanctae
1215 2829 1343 2895 Mariae

394 2932 513 3010 Stoue,
537 2929 721 3008 Wenelok,
756 2930 946 3009 Leonense,
978 2937 1014 2994 et
1044 2931 1212 2994 nonnulla
1244 2931 1340 2996 alia:

392 3032 528 3094 caeteris
550 3037 753 3094 ornamenta
769 3037 805 3093 et
820 3031 963 3112 praedia,
981 3028 1198 3095 Coventreiae
1213 3049 1340 3112 corpus

393 3150 494 3193 suum
510 3127 756 3193 cum'maximo
779 3137 952 3211 apparatu
974 3128 1049 3192 auri
1072 3136 1108 3193 et
1130 3128 1265 3210 argenti
1278 3129 1339 3191 de-

392 3227 536 3310 legavit.
581 3221 792 3291 ⁵Haroldum
800 3228 1102 3293 west-Saxonum
1117 3228 1227 3291 filium
1242 3227 1340 3291 God-

392 3329 485 3406 wini,
503 3327 562 3410 qui
584 3327 672 3392 duos
697 3327 823 3391 fratres
847 3346 946 3410 reges
963 3327 1195 3404 Walensium,
1218 3326 1284 3390 Ris
1306 3334 1342 3391 et

392 3427 588 3504 Griffinum,
612 3427 756 3491 solertia
782 3446 847 3490 sua
874 3427 911 3489 in
942 3433 1088 3491 mortem
1115 3427 1238 3508 egerit,
1266 3446 1340 3489 om-

426 3638 435 3671 ¹
452 3641 497 3690 Vel
507 3641 595 3704 dorca]
611 3639 646 3691 A.
663 3641 693 3691 S.
706 3642 736 3691 0.
749 3641 784 3692 D.
802 3641 834 3692 1..
844 3656 851 3704 3
913 3639 923 3672 ³
941 3638 1120 3700 Molcolmum.]
1147 3642 1268 3692 Muloolm
1288 3643 1342 3692 III.

391 3711 577 3759 omittedinE.
877 3711 925 3760 See
947 3717 1005 3760 note
1027 3709 1047 3774 ⁵,
1072 3727 1099 3772 p.
1126 3716 1184 3776 000,
1206 3713 1257 3761 and
1279 3713 1342 3762 Sar.

426 3776 437 3809 ²
448 3779 589 3828 Siwurdum
601 3812 623 3829 ..
633 3812 640 3828 .
651 3776 787 3843 spoliavit]
797 3779 852 3828 'l'he
878 3779 973 3831 Chron.
984 3781 1054 3830 ΑΒ.
1066 3784 1140 3831 1007.

392 3849 478 3898 Saxon
495 3848 630 3898 Chroniole
649 3853 728 3898 states
749 3849 806 3898 that
820 3865 853 3898 on

391 3919 434 3967 the
456 3919 508 3979 day
526 3917 555 3966 of
573 3919 616 3967 the
638 3919 720 3967 Seven
737 3919 853 3981 Sleepcrs
912 3913 1075 3986 ⁴Godua'm'.]
1093 3919 1144 3968 For
1154 3933 1187 3967 an
1198 3923 1306 3968 account
1316 3919 1346 3968 ol

392 3987 464 4053 (nuth
475 3985 562 4051 tuly),
570 3988 641 4038 Α.Ι).
653 3991 728 4049 1054,
741 3989 803 4038 Ecrl
813 3989 853 4038 si·
878 3988 1011 4038 Godwin’s
1022 3989 1154 4051 rebellion,
1164 3989 1211 4038 010.
1224 4003 1266 4038 see
1278 3990 1340 4039 Sax.

391 4058 464 4105 ward
480 4062 550 4106 went
570 4057 633 4106 with
655 4073 672 4106 a
692 4059 764 4120 large
781 4073 852 4119 army
878 4059 1226 4122 Ο111011.Α.Ι).1051,1052.

391 4128 492 4188 against
508 4127 637 4189 Sootland,
648 4127 708 4188 and,
725 4129 853 4190 engaging

391 4195 453 4244 with
464 4197 506 4245 the
518 4197 600 4260 Seots,
610 4198 642 4246 be
654 4201 702 4259 put
714 4198 851 4248 Macbeotb
913 4195 923 4224 ⁵
935 4197 1094 4261 Horridum]
1107 4197 1267 4247 Alterwards
1278 4197 1342 4260 king

391 4269 417 4312 to
429 4265 508 4326 ssight.
877 4265 905 4315 ol
914 4267 1042 4328 Eugland.
