3112 4968
376 478 442 542 354
593 492 707 540 essm
731 493 857 540 nnoun
882 492 1097 540 suenorum
1188 478 1274 557 [nie.
1292 491 1329 538 ιι.

379 649 543 713 ferociam
559 645 732 725 eluserat,
760 646 857 710 nullo
882 645 1064 710 conamine
1088 653 1133 710 ut*
1147 653 1332 730 stuppeum

380 747 556 814 vinculum
570 747 712 827 dirupit.
759 745 969 828 Operculum
982 746 1088 810 etiam
1102 749 1230 811 tumbae
1246 747 1334 828 pede

382 847 538 929 depulit;
563 845 883 928 apprehensamque
898 865 1015 923 manu,
1030 845 1145 928 palam
1161 847 1334 924 omnibus,

382 949 428 1011 ab
462 945 609 1009 ecclesia
643 945 820 1010 extraxit:
850 946 909 1008 ubi
937 963 1011 1028 prae
1041 945 1173 1009 foribus
1212 964 1335 1028 equus,

385 1047 483 1128 niger
504 1052 540 1109 et
560 1046 740 1126 superbus,
762 1045 922 1108 hinniens
936 1045 1130 1122 videbatur,
1146 1046 1245 1108 uncis
1268 1044 1335 1108 fer-

387 1146 455 1208 reis
484 1164 545 1226 per
574 1149 686 1208 totum
714 1145 850 1225 tergum
876 1145 1199 1228 protuberantibus3
1232 1162 1336 1226 super

388 1264 476 1327 quos
494 1245 621 1308 misera
635 1243 810 1326 imposita,
830 1263 912 1308 mox
926 1246 970 1308 ab
984 1244 1097 1308 oculis
1116 1243 1336 1321 intuentium,

388 1363 468 1408 cnm
493 1351 568 1407 toto
593 1344 755 1407 sodalitio
784 1343 964 1426 disparuit.
1017 1341 1260 1408 Audiebantur
1282 1351 1337 1408 ta-

390 1463 469 1508 men
495 1443 662 1506 clamores
690 1461 751 1525 per
773 1450 923 1524 quatuor
946 1442 1017 1506 fere
1045 1444 1207 1508 milliaria
1235 1444 1337 1507 mise·

390 1543 517 1607 rabiles
537 1541 715 1624 suppetias
738 1543 881 1607 orantis.
934 1542 1011 1606 Ista
1033 1542 1247 1607 incredibilia
1269 1563 1340 1607 non

387 1641 559 1727 judicabit
586 1643 647 1724 qui
674 1642 798 1724 legerit
819 1642 913 1706 beati
935 1636 1116 1724 ¹Gregorii
1137 1643 1339 1724 Dialogum

393 1743 454 1824 qui
476 1740 580 1805 refert
602 1742 639 1804 in
660 1749 785 1824 quarto
811 1741 899 1806 libro
923 1761 1073 1824 nequam
1096 1742 1281 1820 hominem,
1303 1742 1340 1805 in

392 1840 539 1906 ecclesia
564 1841 750 1923 sepultum,
776 1861 798 1904 a
819 1842 1033 1905 daemonibus
1058 1842 1152 1906 toras
1179 1841 1339 1924 ejectum.
1440 1887 1444 1893 -

394 1939 500 2022 Apud
527 1939 681 2003 Francos
708 1960 846 2022 quoque
872 1960 942 2005 non
970 1940 1076 2004 semel
1098 1941 1255 2004 auditum
1286 1948 1341 2005 est

394 2039 488 2122 quod
501 2038 636 2102 dicam:
661 2038 834 2103 Karolum
854 2039 1056 2104 Martellum
1077 2040 1223 2120 insignis
1244 2039 1342 2104 forti·

395 2138 525 2204 tudinis
544 2138 670 2216 virum,
692 2139 752 2220 qui
775 2139 978 2216 Saracenos,
994 2138 1130 2203 Gallias
1155 2139 1341 2220 ingressae,

397 2236 607 2320 Hispaniam
625 2237 735 2306 redire
759 2239 938 2321 compulit,
960 2239 1094 2303 exactis
1122 2238 1243 2302 diebus
1269 2239 1341 2302 suis

396 2338 433 2401 in
456 2337 601 2401 ecclesia
625 2337 738 2402 sancti
760 2338 922 2421 Dionysii
948 2338 1142 2420 sepultum3
1166 2339 1239 2415 sed,
1261 2338 1345 2419 quia

397 2437 605 2518 patrimonia
626 2437 778 2500 omnium
803 2457 891 2522 pene
917 2439 1203 2502 monasteriorum
1220 2436 1347 2501 Galliae

397 2554 462 2618 pro
485 2536 642 2600 mercede
670 2537 941 2620 commilitonum
967 2538 1202 2613 mutilaverat,
1227 2537 1346 2600 visibi-

397 2635 511 2699 litera
528 2635 689 2716 malignis
712 2636 889 2718 spiritibus
912 2655 931 2700 e
953 2636 1136 2718 sepulchro
1152 2637 1346 2718 abreptum,

399 2735 444 2798 ad
467 2734 557 2802 banc
582 2735 672 2799 diem
703 2754 873 2816 nusquam
899 2737 1023 2799 visum.
1076 2736 1236 2817 Denique
1259 2735 1345 2799 illud

399 2834 590 2898 revelatum
604 2833 849 2900 Aurelianensi
872 2834 1046 2918 episcopo,
1068 2843 1105 2900 ct
1124 2855 1187 2918 per
1210 2854 1289 2898 eum
1310 2833 1346 2897 in

399 2934 525 3016 vulgos
542 2935 759 2999 seminatum.

537 3124 584 3170 nn
607 3122 757 3170 Annum
780 3121 931 3170 suarum
953 3121 1213 3170 counnnnnuo.

334 3254 347 3281 ο
452 3228 560 3311 §205.
583 3228 715 3293 Verum
744 3235 785 3292 ut
809 3228 958 3293 Romam
980 3236 1145 3293 revertar.
1185 3227 1350 3311 Ejusdem

266 3304 366 3383 ‘dmin-
400 3329 499 3392 urbis
521 3327 620 3406 civis
635 3323 821 3410 ²ephoebus
837 3335 953 3405 aetate,
970 3328 1123 3410 locuples
1139 3328 1273 3410 opibus,
1289 3347 1350 3408 ge.-

405 3448 487 3494 nere
516 3429 691 3494 senatorio
718 3427 886 3504 sublimis,
908 3421 1075 3492 ³uxorem
1100 3427 1236 3492 noviter
1262 3427 1351 3491 dux-

405 3537 500 3607 erat3
525 3528 700 3592 sodalibus
724 3527 797 3592 suis
816 3527 949 3605 accitiS,
973 3527 1171 3592 convivium
1190 3526 1352 3608 frequens

400 3634 602 3709 ,paraverat
653 3626 741 3714 Post
764 3627 890 3704 cibum,
918 3646 994 3690 cum
1025 3627 1267 3693 minutioribus
1290 3645 1353 3708 po·

398 3727 493 3814 ¹culis
517 3726 726 3790 hilaritatem
754 3727 974 3803 invitassent,
1002 3726 1039 3789 in
1066 3745 1225 3808 campum
1248 3724 1352 3814 prod·

405 3833 500 3903 eunt,
521 3833 561 3889 ut
586 3831 747 3890 oneratos
770 3825 917 3908 dapibus
946 3824 1144 3890 stomachos
1166 3825 1222 3889 vel
1248 3825 1353 3901 saltu,

440 4059 866 4123 ¹GregoriiDiologum...iaqucrto
927 4055 1091 4121 'proeleffl
1118 4057 1229 4108 Glossed
1247 4059 1274 4106 in
1293 4057 1355 4107 Al.

405 4131 488 4198 libra]
506 4131 586 4190 Many
598 4131 695 4178 similar
705 4129 812 4191 legende
823 4143 866 4177 are
891 4128 1058 4177 ‘Lucienus'

399 4205 431 4249 to
442 4202 473 4249 be
484 4200 564 4248 found
581 4200 608 4248 in
626 4199 669 4248 the
681 4199 824 4261 Dialogues
841 4197 870 4246 of
926 4196 937 4226 ³
958 4198 1087 4261 Uxorem]
1110 4197 1220 4250 Glossed
1244 4198 1271 4246 in
1293 4195 1355 4246 Al.

405 4270 529 4332 Gregory.
891 4267 1070 4329 ‘Eugenium’
