3112 4968
188 486 258 532 mn.
275 467 331 549 m]
413 484 527 532 cesus
551 481 678 532 nseun
702 483 916 532 succensu.
1075 466 1141 532 383

192 637 331 721 Angliae
361 639 468 704 dedit.
532 640 617 704 Erat
646 639 705 704 ille
734 639 800 704 hoe
831 658 972 703 munere
1003 639 1142 722 dignus,

192 746 364 823 praestans
381 738 487 802 enimi
496 737 649 821 juvenis
667 739 777 821 etqui
800 739 838 801 iu
859 757 1057 820 supremum
1071 739 1141 802 fas-

193 838 317 920 tigium
334 837 441 902 alacri
459 838 578 902 labore
597 844 821 917 excreverat3
844 844 1014 920 praeterea
1036 857 1142 920 prox·

194 938 263 1001 ime
289 937 580 1018 consanguineus,
608 936 700 1000 filius
736 936 882 1001 Roberti
913 935 976 999 filii
1001 935 1144 1000 Ricardi

196 1036 349 1112 secundi,
367 1054 469 1119 quem
492 1035 634 1099 fratrem
657 1035 764 1099 fuisse
780 1035 912 1100 Emmae
936 1035 1058 1098 matris
1072 1035 1143 1099 Ed·

195 1134 305 1199 wardi
319 1134 507 1198 nonsemel
520 1134 677 1217 estquod
693 1135 853 1197 diximus.
907 1127 1057 1198 ¹Ferunt
1067 1135 1143 1216 qui-

196 1234 277 1297 dam
290 1233 404 1316 ipsum
419 1232 615 1296 Horoldum
629 1251 651 1296 u
664 1252 747 1314 rege
759 1233 796 1297 in
811 1231 877 1296 hoc
892 1231 1144 1296 Normannium

198 1333 360 1397 missum:
380 1331 452 1408 alii,
469 1332 664 1396 secretioris
677 1332 812 1396 consilii
828 1331 969 1408 conscii,
984 1332 1145 1408 invitum,

197 1431 293 1496 venti
305 1431 472 1496 violentia
490 1429 574 1494 illuc
590 1437 718 1507 actum,
732 1450 802 1512 quo
825 1449 863 1493 se
882 1437 1038 1494 tueretur
1050 1431 1147 1494 inve-

200 1531 292 1594 nisse
317 1535 568 1610 commentum3
591 1529 696 1611 quod,
712 1523 813 1612 ²quie
834 1530 977 1612 propius
996 1549 1079 1594 vero
1093 1529 1146 1593 vi·

183 1630 312 1705 detur,
347 1647 531 1710 exponam.
584 1626 764 1692 Heroldus
794 1629 831 1691 in
861 1628 1029 1710 praedium
1056 1627 1147 1711 juris

200 1728 255 1791 sui
270 1722 463 1791 ³Boseham
477 1734 621 1792 venerat
634 1747 642 1792 ε
666 1728 726 1805 ibi,
743 1734 782 1790 ut
795 1724 947 1790 animum
958 1726 1148 1790 oblectaret

200 1846 313 1903 suum,
344 1826 569 1908 piscatorium
598 1826 799 1890 conscendit
820 1825 1011 1906 navigium,
1033 1832 1068 1888 et
1093 1826 1147 1888 in-

199 1926 301 1989 terim
323 1924 461 2007 quidem
485 1924 703 2005 longiusculo
728 1923 811 1988 ludo
832 1923 869 1986 in
892 1925 1001 1988 altum
1028 1942 1148 2006 proce·

200 2024 313 2103 ditur3
331 2023 404 2099 sed,
420 2023 535 2086 subito
548 2022 696 2087 adversa
708 2029 914 2105 tempestate
928 2029 1059 2098 coena,
1074 2022 1149 2104 ipse

202 2142 281 2186 oum
303 2122 479 2184 sodalibus
503 2121 541 2184 in
557 2121 745 2186 Pontivum
769 2141 899 2203 pagum
920 2120 1148 2202 compellitur.

204 2219 376 2284 Homines
398 2219 492 2282 illius
513 2219 677 2301 regionis,
693 2239 756 2302 pro
780 2239 876 2282 more
901 2219 1013 2300 gentis
1033 2219 1149 2295 insito,

203 2325 345 2401 repente
367 2318 520 2382 exomni
540 2325 640 2400 parte
664 2317 912 2396 convolavere3
935 2319 1084 2382 inermes
1106 2320 1150 2382 ab

204 2417 360 2493 armatis,
382 2417 484 2499 pauci
508 2435 531 2479 e
555 2417 711 2500 pluribus
731 2413 842 2502 (quod
865 2416 966 2480 facile
990 2413 1075 2498 fuit)
1089 2436 1150 2499 op-

114 2509 125 2524 ”
204 2516 327 2599 pressi,
350 2534 473 2579 manus
498 2515 653 2593 manicis,
679 2515 784 2598 pedes
812 2516 1036 2597 compedibus
1063 2535 1152 2598 pree-

115 2671 123 2680 .
206 2616 321 2679 buere.
373 2614 565 2691 Haroldus,
581 2621 700 2679 astuto
724 2620 863 2696 pectore
880 2615 1023 2678 volvens
1049 2633 1151 2678 cesus

205 2713 405 2789 remedium,
430 2712 602 2777 hominem
629 2713 808 2796 promissis
835 2713 1034 2795 ingentibus
1058 2714 1152 2777 solli-

204 2813 350 2876 citatum
372 2811 416 2875 ad
432 2810 646 2876 Willelmum
672 2812 801 2882 mittit:
830 2813 974 2875 missum
1000 2830 1038 2876 se
1061 2811 1096 2876 N
1099 2832 1154 2876 or-

206 2910 383 2975 munniem
398 2930 420 2974 a
432 2929 526 2992 rege,
539 2918 579 2975 ut
594 2911 690 2992 quod
702 2911 855 2974 :minores
874 2910 990 2974 nuncii
1002 2911 1153 2974 balbuti-

206 3016 306 3073 erant
329 3009 405 3092 ipse
432 3009 651 3091 potissimum
672 3007 741 3072 sua'
761 3009 983 3074 confirmaret
1002 3028 1154 3093 pressen-

206 3273 336 3334 apposuit,
346 3277 372 3322 et
388 3287 447 3320 eum
464 3274 514 3322 sibi
530 3273 668 3322 succedere
695 3272 796 3320 Deinde
830 3272 983 3335 Hel-aldum,
1009 3279 1157 3324 cunctorum

206 3343 233 3389 in
251 3355 357 3402 regnum
378 3341 481 3403 Angliae
498 3355 560 3389 voce
583 3341 669 3390 stabili
694 3354 750 3389 suae
772 3341 949 3391 dominationis
973 3343 1092 3391 comitum
1119 3344 1158 3391 di-

208 3409 334 3459 sancivit!
343 3408 478 3475 (Ingulph.
490 3424 517 3470 p.
529 3405 600 3472 899.)
616 3409 670 3458 The
695 3409 765 3456 vitiis
776 3412 802 3457 et
813 3409 905 3458 honore
917 3425 948 3460 ac
958 3413 1070 3472 potentia
1078 3413 1157 3460 mexi-

210 3478 356 3528 succession
382 3477 412 3526 of
435 3476 550 3526 william
574 3482 601 3526 ho
628 3478 671 3527 the
695 3491 775 3538 mum,
796 3477 857 3527 duci
873 3478 1019 3540 destinavit,
1036 3485 1066 3528 ut
1083 3481 1108 3528 ei
1125 3481 1158 3529 de

209 3549 298 3597 throne
321 3547 351 3596 ol
378 3546 496 3609 Englond
517 3546 541 3595 is
562 3560 580 3596 a
600 3547 673 3608 point
696 3559 789 3596 corona
800 3547 1116 3612 suofidelitotemfoceret,
1127 3564 1158 3599 ec

209 3630 278 3666 mors
295 3616 412 3665 involved
427 3617 454 3665 in
471 3616 601 3678 obscurity
611 3616 673 3665 than
698 3615 843 3665 Christiano
859 3631 926 3666 mors
945 3619 1108 3667 sacrementis
1119 3620 1160 3666 fir·

211 3701 262 3747 ony
272 3685 344 3734 other
354 3684 384 3735 of
390 3699 437 3734 our
446 3685 552 3746 history.
697 3683 794 3733 moret!
822 3684 905 3750 (Will.
923 3686 1023 3737 Gemet.
1041 3688 1112 3737 Hist.
1134 3701 1158 3738 c.

247 3752 675 3816 ¹Ferontqutoamtpsem11arol-
698 3749 788 3816 χιιι.)
821 3755 870 3804 See
893 3755 947 3804 olso
963 3755 1037 3806 Guil.
1056 3757 1157 3807 Pictas.

212 3824 269 3872 dum
286 3839 301 3872 u
319 3837 377 3885 rege
393 3823 420 3872 in
436 3823 480 3872 boc
499 3823 675 3872 Nmmoniom
698 3823 749 3872 An.
761 3826 835 3882 1⁰65,
845 3823 1011 3874 interNorm.
1022 3825 1114 3888 Script.

212 3887 336 3960 mutum]
353 3892 516 3942 ‘Edwardus
533 3893 675 3955 Anglorum
734 3889 820 3947 ’Quia
828 3893 929 3956 propius
938 3895 1106 3956 emollietur,
1116 3909 1161 3944 ex·

211 3975 267 4022 rex,
288 3962 448 4011 successione
473 3961 551 4023 prolis
578 3975 677 4023 cerens,
698 3961 807 4024 ponam]
825 3963 857 4013 E.
869 3962 944 4012 omits
956 3964 1161 4014 ‘vero.'—Com·

211 4030 272 4078 olim
283 4031 387 4080 miserat
397 4030 525 4080 Willelmo
535 4030 597 4080 duci
608 4031 677 4080 Rod-
700 4044 762 4090 parc
780 4031 831 4079 this
848 4035 981 4080 statement
991 4033 1055 4081 with
1066 4032 1161 4083 Chron.

213 4099 312 4149 bertum
327 4099 523 4150 cantuariorum
540 4100 677 4162 archiprae-
701 4099 806 4147 Roberti
812 4099 845 4148 ds
854 4100 942 4150 Monte
950 4100 984 4149 ad
994 4101 1163 4164 sigebertum,

212 4169 304 4232 sulem,
314 4183 347 4217 ex
359 4183 437 4232 regno
447 4183 464 4218 u
475 4170 532 4218 Deo
543 4169 594 4218 sibi
607 4170 677 4218 attui-
701 4168 772 4230 apud
780 4168 927 4232 Achenum,
939 4186 965 4232 p.
977 4174 1034 4220 ⁷21.

215 4239 276 4289 huto
298 4239 373 4288 illum
399 4241 513 4288 statuens
540 4239 676 4292 haeredem.
737 4235 902 4300 ³Booehom.]
924 4240 996 4290 Neer
1008 4239 1164 4291 chichester.
