3128 4976
386 473 452 538 254
603 490 716 537 cssrn
740 490 867 538 annun
892 491 1105 562 nnenonuu.
1195 479 1279 558 [nis.
1300 495 1342 542 11.

387 645 482 723 fecit,
497 654 537 710 ut
551 646 638 710 nihil
650 648 764 711 carius
778 649 814 711 in
828 647 903 713 vita
918 667 982 712 sua
997 647 1165 730 posthaec
1181 641 1342 713 ¹haberet

387 766 492 827 quam
503 746 668 828 juvenem
689 747 806 826 illum3
832 747 1006 832 tyrannici
1019 746 1104 810 facti
1121 747 1286 810 offensam
1302 749 1340 810 in

386 852 520 927 patrem
543 846 729 910 sedulitate
751 847 849 929 regia
872 847 916 910 in*
930 847 1038 910 filium
1061 846 1229 911 allevans
1282 846 1339 911 Ob

385 943 479 1007 illius
501 945 641 1008 sceleris
668 945 903 1028 expiationem
925 946 1051 1009 ibidem
1078 947 1340 1024 monasterium,

384 1044 429 1106 ab
439 1042 573 1108 Elfrida
583 1044 802 1124 aedificatum,
816 1045 1130 1109 sanctimonialium
1144 1044 1340 1127 frequentia

382 1141 606 1206 inhabitatur.

436 1241 551 1324 5158.
586 1241 682 1305 Huic
712 1241 871 1324 exemplo
899 1241 1113 1305 crudelitatis
1144 1243 1340 1327 adjungunt

384 1339 479 1404 aliud
513 1341 676 1405 libidinis.
742 1341 900 1423 Virginis
931 1341 1008 1405 Deo
1036 1341 1161 1405 dicatae
1191 1343 1336 1406 audiens

383 1440 685 1522 pulchritudinem,
700 1440 870 1505 violenter
883 1459 960 1503 eam
985 1460 1007 1503 a
1023 1442 1233 1505 monasterio
1256 1443 1336 1506 abs·
1365 1447 1369 1456 '

385 1540 507 1617 traxit,
531 1542 716 1604 abstractae
737 1540 903 1622 pudorem
926 1540 1054 1621 rapuit,
1079 1547 1114 1604 ct
1138 1560 1208 1604 non
1230 1543 1337 1605 semel

384 1638 486 1702 thoro
513 1659 577 1703 suo
605 1640 800 1704 collocavit.
868 1637 971 1716 Quod
1003 1658 1081 1702 cum
1112 1658 1213 1703 aures
1243 1641 1337 1705 beati

385 1737 564 1802 Dunstani
594 1739 805 1816 offendisset,
833 1738 1053 1802 vehementer
1079 1740 1123 1802 ab
1153 1759 1195 1802 eo
1225 1739 1337 1804 incre-

384 1842 500 1918 patuS,
532 1831 752 1918 ²septennem
781 1838 1022 1922 poenitentiam
1053 1857 1123 1901 non
1151 1837 1333 1916 fastidivit,

383 1935 548 2015 dignatus
569 1955 633 1998 rex
655 1935 763 2018 affligi
778 1937 927 2021 jejunio,
949 1936 1119 2018 simulque
1142 1936 1337 2002 diademate

385 2052 502 2098 carere
515 2034 707 2117 septennio.

437 2133 553 2216 §15st
597 2133 792 2218 Subjiciunt
816 2133 968 2211 tertium,
992 2135 1029 2197 in
1055 2154 1124 2216 quo
1153 2142 1337 2218 utrumque

384 2241 552 2315 appareat
559 2235 693 2298 vitium.
729 2231 821 2309 Rex,
831 2233 1005 2314 inquiunt,
1019 2234 1179 2315 Edgarus
1194 2236 1336 2298 veniens

385 2330 618 2408 Andeveram,
633 2334 692 2415 qui
707 2344 761 2396 est
776 2333 873 2396 vicus
896 2353 965 2397 non
987 2333 1091 2415 longe
1105 2352 1127 2396 a
1141 2332 1335 2412 Wintonia,

384 2431 564 2513 cujusdam
580 2433 677 2496 ducis
690 2432 809 2507 filiam,
828 2431 928 2515 cujus
951 2431 1070 2496 formae
1093 2431 1186 2496 fama
1199 2453 1335 2515 percre-

384 2530 518 2609 buerat,
548 2530 673 2596 adduci
701 2531 878 2613 praecepit.
944 2530 1061 2595 Mater
1088 2532 1226 2613 puellae,
1255 2553 1335 2614 quae

384 2633 650 2696 concubinatum
663 2631 744 2694 filiae
760 2631 1016 2712 dedignaretur,
1028 2632 1201 2707 ancillam,
1214 2633 1337 2715 adjuta

385 2732 497 2794 noctis
513 2731 676 2808 tenebriS,
690 2729 795 2794 cubili
809 2731 983 2812 apposuit,
993 2730 1162 2810 virginem
1175 2749 1258 2795 sane
1272 2752 1337 2795 nec

384 2829 615 2911 inelegantem
637 2850 699 2893 nec
718 2828 903 2910 illepidam.
962 2829 1113 2893 Evoluta
1128 2838 1240 2908 nocte,
1256 2851 1335 2894 cum

385 2947 511 2992 aurora
545 2929 582 2991 in
618 2929 729 2992 lucem
764 2936 1014 3011 prorumperet,
1051 2929 1175 2993 mulier
1210 2939 1337 2995 conata

384 3045 537 3107 surgere,
559 3027 842 3108 interrogataque
867 3027 949 3107 quid
973 3027 1165 3106 festinaret,
1188 3029 1231 3092 ad
1248 3050 1336 3113 opus

385 3125 594 3188 cotidianum
638 3125 785 3188 dominae
825 3125 1090 3207 persolvendum
1134 3129 1333 3210 respondit:

386 3242 478 3303 aegre
509 3222 591 3288 licet
619 3230 755 3288 retenta
784 3223 876 3306 regis
915 3227 1060 3306 genibus
1098 3246 1201 3309 super
1239 3237 1333 3293 statu

384 3322 598 3387 miseriarum
623 3343 763 3388 suarum
787 3324 960 3406 applorat,
982 3345 1045 3408 pro
1070 3327 1226 3390 mercede
1252 3348 1334 3392 con-

385 3423 480 3487 nubii
510 3424 668 3488 redderet
697 3425 970 3506 ingenuitatem
1003 3425 1124 3490 decere
1151 3429 1331 3508 magnani-

384 3523 538 3587 mitatem
574 3524 661 3607 ejuS,
694 3532 733 3587 ut
756 3523 862 3605 regiae
893 3524 1081 3606 voluptatis
1104 3527 1243 3590 conscia
1269 3527 1330 3591 do-

384 3623 554 3687 minorum
584 3624 773 3688 crudelium
809 3624 953 3686 ulterius
988 3644 1057 3688 non
1094 3625 1335 3706 ingemisceret

383 3720 538 3804 imperia.
578 3722 677 3786 Tunc
689 3723 759 3799 ille,
775 3721 855 3786 felle
869 3730 1052 3801 commoto,
1068 3730 1104 3787 et
1118 3723 1334 3790 formidabile

420 3976 426 4004 ¹
440 3978 573 4041 Habent]
591 3979 620 4028 S.
634 3979 664 4028 C.
680 3977 714 4028 D.
734 3979 782 4039 E.;
798 3993 844 4027 rex
871 3977 911 4026 his
928 3981 972 4026 not
983 3977 1077 4040 having
1089 3979 1153 4026 been
1165 3982 1284 4030 crowned
1295 3983 1335 4030 till

382 4047 540 4110 baberet,A.
552 4049 584 4097 L.
870 4046 960 4096 within
979 4052 1031 4096 two
1049 4063 1124 4108 years
1146 4048 1176 4097 of
1191 4049 1231 4098 his
1249 4051 1334 4102 death.

418 4115 590 4181 'Septennem
617 4152 623 4166 .
644 4153 651 4166 .
670 4151 676 4166 .
696 4116 842 4180 septennia]
869 4117 989 4182 (Sharpe,
1011 4132 1037 4177 p.
1057 4115 1127 4180 186.)
1157 4119 1262 4181 Eadgar
1279 4137 1335 4171 was

382 4185 444 4235 This
456 4201 537 4236 seems
547 4192 573 4235 to
584 4187 648 4235 have
660 4187 723 4234 been
732 4186 843 4234 founded
869 4187 987 4235 crowned
1004 4187 1076 4237 Au).
1095 4191 1152 4237 eta.
1169 4187 1217 4238 See
1240 4196 1297 4240 note
1315 4191 1336 4255 ⁴,

382 4269 415 4303 on
433 4256 476 4304 the
492 4257 607 4316 singular
618 4257 800 4304 circumstance
818 4256 847 4303 of
868 4272 895 4317 p.
908 4260 965 4305 248.
