3106 4974
411 463 458 546 32
635 497 749 544 casui
773 495 900 545 annun
925 495 1137 544 nnononuu.
1235 481 1322 564 [um.
1340 497 1365 545 1.

248 675 380 715 amtor
411 654 588 719 lustraret.
640 653 780 718 Mantus
812 653 917 718 animi
945 673 1020 731 rex,
1046 651 1184 736 magnac
1222 644 1366 737 prorsus

248 725 399 786 ΝΜ
411 753 524 818 laudis
541 753 671 817 factum
686 753 842 830 adorsus,
858 761 897 818 ut
912 753 1025 830 fidem,
1041 771 1145 836 quam
1168 761 1252 818 tunc
1274 761 1364 819 tem-

410 854 505 937 poris
526 873 615 936 pene
633 873 753 917 omnes
775 873 874 936 reges
887 859 923 918 et
934 853 1055 936 populi
1075 845 1367 937 persequerentur

411 953 612 1031 exhibitam,
652 953 727 1036 ipse
757 953 849 1018 ultro
891 959 1070 1036 appeteret
1100 953 1163 1018 vix
1196 954 1365 1021 auditam.

411 1053 595 1118 Venerunt
630 1072 726 1133 ergo,
739 1069 743 1076 ·
756 1052 956 1117 Eleutherio
992 1053 1164 1129 mittente,
1193 1053 1362 1136 praedica·

411 1160 504 1216 tores
519 1153 748 1230 Britanniam,
764 1173 910 1235 quorum
932 1152 969 1216 in
992 1172 1105 1216 aevum
1128 1152 1268 1217 durabit
1284 1147 1364 1217 'effi-

410 1252 519 1329 cacia,
542 1245 715 1334 ¹quamvis
736 1253 839 1335 longe
864 1253 952 1316 situs
974 1251 1089 1316 aetatis
1111 1252 1364 1336 consumpserit

412 1353 563 1417 uomina.
631 1351 769 1415 Horum
802 1351 869 1417 fuit
894 1371 1000 1434 opera
1027 1358 1166 1416 vetusta
1195 1352 1232 1415 in
1256 1349 1363 1416 Glas-

410 1452 506 1517 tonia
534 1457 666 1516 sanctae
698 1451 823 1516 Mariae
856 1451 1013 1528 ecclesia,
1045 1450 1135 1514 sicut
1162 1450 1272 1516 fidelis
1300 1443 1364 1535 per.

411 1551 576 1616 succidua
597 1550 714 1615 secula
739 1571 809 1615 non
828 1552 939 1615 tacuit
962 1550 1162 1633 antiquitas.
1214 1551 1304 1615 Sunt
1325 1559 1363 1616 et

411 1652 480 1716 illae
509 1671 579 1714 non
610 1651 749 1732 exiguae
771 1650 852 1714 fidei
875 1651 986 1715 literae
1010 1650 1047 1714 in
1072 1650 1247 1714 nonnullis
1275 1650 1364 1715 locis

411 1757 558 1833 repertae
585 1749 629 1813 ad
658 1749 747 1813 hanc
775 1751 994 1828 sententiam,
1018 1749 1232 1814 ‘Ecclesiam
1257 1749 1364 1815 Glos-

411 1849 518 1914 toniae
549 1867 620 1912 uon
646 1848 804 1914 fecerunt
832 1848 977 1914 aliorum
1012 1849 1189 1914 hominum
1225 1869 1361 1930 manus,

412 1949 472 2014 sed
511 1948 579 2031 ipsi
605 1947 765 2031 discipuli
793 1948 922 2013 Christi
958 1967 1036 2014 eam
1077 1948 1360 2014 redificaverunt!

412 2048 489 2114 Nec
503 2048 665 2112 abhorret
679 2067 701 2110 a
713 2069 816 2128 ver03
841 2049 924 2131 quia
936 2048 968 2113 si
982 2047 1165 2131 Philippus
1181 2049 1361 2131 apostolus

412 2147 526 2212 Gallis
539 2147 752 2230 praedicavit,
767 2141 877 2214 'sicut
893 2147 1075 2213 Freculsus
1090 2149 1177 2212 libro
1197 2148 1362 2227 secundo,

410 2248 564 2331 capitulo
578 2253 716 2330 quarto,
730 2247 825 2326 dicit,
845 2255 960 2332 potest
981 2248 1074 2312 credi
1091 2247 1183 2332 quod
1205 2255 1241 2312 et
1262 2254 1363 2326 trans⁴

411 2367 578 2412 oceanum
601 2347 769 2411 sermonis
790 2348 922 2412 semina
940 2347 1034 2430 jecit.
1087 2348 1154 2413 Sed
1179 2369 1222 2412 ne
1243 2348 1365 2412 videar

411 2467 473 2530 per
499 2441 717 2529 ³opinionum
738 2447 871 2512 naenias
896 2447 1063 2512 lectorum
1084 2439 1362 2530 expectationem

410 2547 584 2625 fraudare,
608 2547 678 2610 illis
700 2566 779 2630 quae
804 2547 1001 2630 discrepant
1023 2547 1059 2610 in
1082 2547 1195 2611 medio
1219 2547 1363 2627 relictiS,

409 2647 455 2711 ad
468 2647 588 2712 solidae
601 2647 759 2714 veritatis
776 2655 875 2730 gesta
891 2646 1083 2712 enarranda
1100 2647 1291 2729 succingar.

641 2839 689 2885 DE
712 2836 883 2885 nccnnsla
905 2836 1126 2885 GLASTONIAE.

450 2942 531 3026 §ab
544 2944 702 3009 Ecclesia
716 2945 758 3010 de
771 2964 840 3029 qua
848 2945 1032 3028 loquimur,
1043 2965 1121 3028 quae
1136 2965 1200 3028 pro
1209 2943 1361 3030 antiqui-

411 3048 484 3106 tate
500 3045 555 3108 sui
571 3043 751 3110 celebriter
764 3047 808 3109 ab
823 3043 949 3128 Anglis
964 3045 1223 3124 Ealdechirche,
1238 3045 1274 3110 id
1296 3055 1362 3125 est,

409 3141 563 3207 Vetusta
577 3143 745 3223 Ecclesia,
765 3152 996 3230 nuncupatur,
1016 3145 1127 3228 primo
1144 3146 1274 3228 virgea,
1300 3167 1360 3230 ne-

331 3237 334 3244 ⁴
408 3240 482 3305 scio
496 3243 580 3326 quid
594 3243 722 3309 divinae
737 3245 933 3310 sanctitatis
949 3245 1024 3329 jam
1045 3244 1127 3309 inde
1149 3263 1171 3309 a
1191 3245 1362 3329 principio

408 3341 569 3422 redoluit,
591 3345 805 3428 spiravitque
820 3345 855 3408 in
873 3365 1009 3427 omnem
1027 3345 1189 3427 patriam,
1203 3345 1362 3428 quamuis

442 3547 451 3580 ¹
472 3551 591 3608 Quamvis
612 3551 682 3614 longe
704 3552 769 3601 sitos
788 3552 871 3600 tatutis
895 3555 946 3600 two
970 3555 1051 3613 parts.
1087 3552 1141 3600 The
1158 3553 1221 3614 first,
1239 3551 1303 3602 from
1319 3555 1362 3604 the

404 3621 707 3686 cmmpseritaomino]
723 3621 871 3670 Therames
895 3626 1106 3671 commeneement
1126 3621 1157 3670 oi
1175 3621 1217 3670 the
1238 3624 1320 3673 world
1336 3631 1362 3674 to

406 3689 436 3738 of
443 3690 486 3739 the
496 3690 631 3751 prouehere
642 3697 698 3740 sant
709 3706 768 3741 over
779 3696 806 3740 to
814 3692 872 3740 Bri·
895 3691 938 3740 the
948 3691 1016 3740 birth
1024 3690 1153 3753 olChrist,
1160 3693 1274 3742 contains
1285 3709 1362 3744 seven

406 3753 532 3808 'tainwere
538 3760 714 3822 Fegunusand
721 3761 871 3811 Duvianus:
895 3761 975 3810 books
985 3777 992 3822 ς
1010 3760 1053 3809 the
1065 3761 1159 3810 second
1166 3766 1234 3823 port,
1244 3763 1308 3812 from
1319 3759 1362 3814 the

406 3827 468 3890 they
486 3843 530 3878 are
549 3831 606 3878 said
622 3834 649 3878 to
667 3829 732 3878 have
753 3830 872 3891 baptized
895 3831 963 3880 birth
970 3831 1000 3880 os
1003 3831 1046 3880 the
1057 3831 1250 3880 Sariourtothe
1262 3835 1363 3896 coming

406 3898 504 3949 Lucius
514 3900 565 3948 and
576 3914 652 3961 many
662 3899 692 3948 oi
698 3899 739 3949 his
751 3901 872 3963 subjecta.
896 3899 927 3949 οἱ
945 3901 987 3950 the
1009 3901 1105 3951 Francs
1132 3901 1184 3950 end
1211 3902 1363 3968 Lombards,

441 3967 538 4018 ’Suet
549 3969 871 4033 Freculsuslibrosecondo,
896 3970 974 4020 about
991 3970 1034 4020 the
1056 3985 1119 4031 year
1138 3975 1196 4033 6⁰⁰,
1219 3971 1242 4022 is
1264 3973 1291 4022 in
1313 3975 1362 4024 five

406 4037 512 4102 capitolo
522 4045 618 4103 quarto,
625 4040 709 4104 dicit]
727 4040 871 4103 Freculsus,
895 4040 985 4090 books.
1021 4040 1157 4102 Freculph.
1177 4039 1271 4094 Chron.
1290 4042 1362 4107 (tom.

406 4110 509 4159 emonlr
521 4110 550 4158 of
557 4111 648 4173 Fulde,
660 4111 710 4160 and
721 4110 871 4160 afterwards
896 4123 927 4160 11.
952 4111 998 4160 lib.
1018 4115 1043 4172 2,
1070 4125 1094 4161 c.
1116 4113 1142 4174 l,
1161 4126 1189 4172 p.
1208 4109 1281 4180 ⁴⁴⁸⁵)
1304 4118 1362 4166 8vo.

406 4177 497 4240 hishop
520 4179 549 4228 of
564 4181 684 4230 Lisieux:
710 4180 743 4229 he
760 4180 829 4230 lived
844 4175 871 4230 in
897 4179 1018 4229 Heidelb.
1031 4184 1105 4230 159⁷.
1209 4171 1221 4196 ⁸

406 4245 450 4296 the
467 4249 540 4296 ninth
557 4255 672 4311 century,
692 4250 744 4298 and
758 4255 838 4300 wrote
855 4265 872 4299 a
932 4247 1125 4312 'Optumum
1146 4251 1182 4299 D.
1199 4251 1259 4311 M.;
1282 4252 1365 4314 opini·

405 4314 542 4380 chroniole,
552 4317 637 4369 which
652 4320 684 4368 he
698 4320 803 4369 dirided
819 4321 872 4370 into
897 4333 980 4381 onem,
992 4321 1024 4370 Ε.
