3112 4968
403 485 470 552 376
621 500 735 550 euers
762 497 888 548 nncuu
915 497 1128 546 succensu.
1214 482 1358 564 [nisu.

244 677 349 718 uenam.
407 677 572 721 manuum
590 659 683 740 regis
706 651 843 722 ¹oeulos
865 664 1087 740 tangeretur:
1111 656 1146 720 id
1169 655 1214 720 ad
1240 675 1278 720 se
1297 657 1357 720 de-

407 757 518 821 latum
534 777 604 821 non
621 759 743 840 paucis
768 757 904 821 nunciis
926 758 995 821 ille.
1012 757 1148 833 riserat,
1169 756 1356 820 referentes

409 863 535 938 rugato
553 863 697 939 aspectu
713 857 950 938 inspectatus;
977 863 1196 939 peccatorem
1213 874 1251 918 se
1268 875 1359 932 esse,

410 974 516 1038 opera
548 962 748 1019 sanctorum
777 956 930 1019 virorum
958 955 1128 1018 sibinen
1160 955 1355 1020 convenire.

410 1053 544 1117 Verum
567 1054 716 1117 ministri
749 1073 820 1118 non
846 1053 1093 1135 negligendum
1118 1054 1290 1130 arbitrati,
1313 1073 1354 1118 eo

411 1154 596 1230 nesciente,
613 1152 674 1216 sed
689 1155 726 1217 in
739 1145 903 1216 ²ecclesia
918 1159 1052 1231 orante,
1069 1146 1220 1217 ³somnio
1234 1152 1354 1216 credu-

410 1252 546 1325 litatem
563 1252 717 1317 faciunt:
747 1271 896 1335 namque
917 1251 1097 1316 confestim
1114 1244 1172 1314 *ut
1188 1251 1282 1316 lotus
1302 1257 1356 1315 est

411 1370 515 1433 aqua,
543 1351 715 1415 diuturnis
739 1352 890 1415 tenebris
916 1350 1153 1426 exulantibus,
1185 1350 1249 1413 lux
1271 1357 1357 1414 tem-

411 1453 548 1532 pestiva
565 1452 665 1515 orbes
681 1450 850 1533 implevit,
864 1449 946 1514 laeto
962 1449 1100 1531 fragore
1117 1449 1356 1533 plaudentium

412 1550 594 1616 suscitato.
647 1549 728 1614 Rex
757 1568 898 1615 causam
925 1555 1172 1631 percunctatus
1195 1548 1355 1628 edidicit3

412 1667 564 1730 moxque
587 1648 794 1712 certitudine
818 1649 916 1712 visus
944 1647 1021 1730 ejus
1049 1654 1237 1730 comperta,
1264 1647 1356 1730 quod

412 1747 555 1824 scilicet,
573 1747 702 1829 digitos
724 1766 807 1812 suos
831 1747 868 1811 in
896 1746 1016 1811 oculos
1038 1748 1152 1810 sanati
1168 1748 1358 1825 intentans,

411 1846 510 1909 illum
543 1846 687 1911 reducto
720 1847 835 1929 capite
868 1865 991 1911 cavere
1024 1852 1191 1924 comeret,
1225 1847 1357 1927 gratias

412 1945 490 2008 Deo
505 1946 673 2028 porrectis
692 1946 729 2008 in
754 1945 882 2009 coelum
908 1945 1067 2008 manibus
1090 1945 1173 2026 egit.
1226 1945 1357 2008 Eodem

413 2043 514 2108 modo
548 2044 687 2109 sanavit
720 2063 849 2108 caecum
881 2043 1052 2125 quendam
1087 2043 1266 2122 Lincoliae,
1290 2045 1359 2126 ,qui

413 2144 532 2208 multis
547 2144 647 2206 annis
664 2144 872 2226 supervixit,
887 2143 1016 2225 regalis
1033 2142 1140 2206 index
1157 2143 1324 2206 miraculi.

464 2242 576 2326 §224
599 2242 646 2307 Et
667 2250 708 2307 ut
733 2242 921 2326 perfectam
942 2242 1009 2306 viri
1033 2241 1210 2319 virtutem,
1235 2243 1272 2306 in
1293 2242 1358 2306 hac

413 2343 606 2424 praesertim
630 2343 800 2425 potentia,
829 2360 1033 2423 cognoscas,
1059 2341 1241 2425 subjiciam
1266 2342 1359 2424 quod

413 2441 558 2505 mireris.
597 2440 809 2505 Wulfwinus
822 2440 975 2523 quidam,
992 2447 1220 2522 cognomento
1237 2439 1361 2524 Spille-

414 2560 510 2618 corn,
528 2540 620 2604 filius
637 2539 812 2604 Wulmari
832 2539 875 2603 de
893 2539 1184 2622 Nutegareshale,
1209 2540 1359 2622 quadam

413 2639 468 2702 dic
478 2640 522 2716 *in
539 2640 640 2723 sylva
657 2640 797 2703 Brnelle
815 2639 912 2721 ligna
928 2638 1078 2717 caedens,
1097 2640 1179 2703 dum
1196 2639 1359 2705 diuturno

413 2747 494 2822 post
532 2739 685 2803 laborem
718 2738 835 2822 sopori
867 2738 1082 2816 indulsisset,
1118 2739 1287 2821 sanguine
1318 2747 1359 2804 ut

414 2838 517 2903 credo
542 2840 635 2903 circa
662 2838 782 2902 oculos
810 2837 1008 2919 coagulato,
1033 2839 1147 2902 visum
1172 2838 1290 2902 decem
1324 2847 1360 2904 et

414 2944 546 3020 septem
579 2938 679 3002 annis
714 2937 851 3017 amisit3
884 2938 1010 3019 quibus
1040 2937 1202 3014 evolutis,
1226 2940 1360 3003 somnio

414 3037 568 3113 edoctus,
586 3037 765 3117 octoginta
787 3043 823 3100 et
847 3042 979 3118 septem
1005 3036 1168 3100 ecclesias
1191 3036 1360 3115 circuivit,

386 3135 602 3212 ‚remedium
620 3135 788 3199 caecitatis
813 3153 835 3197 a
860 3133 990 3198 sanctis
1014 3134 1221 3216 efflagitans.
1273 3135 1361 3200 Pos-

414 3241 536 3310 tremo,
554 3233 599 3296 ad
625 3234 718 3315 regis
743 3233 875 3297 curiam
898 3234 1052 3311 veniens,
1069 3235 1280 3299 vestibulum
1303 3255 1361 3300 ca·⁴

414 3353 530 3411 meree,
546 3333 812 3397 adversantibus
830 3333 1062 3411 cubiculariis,
1080 3333 1210 3398 frustra
1226 3335 1285 3398 diu
1299 3337 1364 3399 tri·.

415 3434 483 3512 vit3
512 3432 573 3496 sed
593 3433 747 3515 perstitit
762 3433 941 3516 improbus
955 3433 1124 3515 pulsator,
1142 3433 1251 3498 donec
1268 3454 1362 3517 aegre

415 3532 601 3596 admodum
615 3526 713 3614 ⁶rege
729 3533 806 3614 ipso
815 3532 961 3615 jubente
975 3525 1166 3596 ⁶admissus
1183 3541 1248 3597 est.
1288 3532 1363 3597 Au-

415 3631 513 3695 diens
529 3632 658 3714 quippe
673 3631 844 3695 somnium
858 3631 1004 3695 innocue
1019 3632 1257 3714 responderat,
1271 3633 1363 3698 ‘Per

450 3913 874 3978 ¹0catotargereur.]c.s.n.;
936 3910 948 3944 ⁴
970 3914 1005 3963 tu
1027 3915 1092 3963 uuo
1113 3917 1150 3964 aa
1171 3913 1256 3978 aem]
1281 3915 1311 3966 s.
1333 3916 1363 3966 s.
1425 3903 1429 3907 “

413 3987 501 4036 oculos
511 3989 636 4047 tangeret,
646 3983 679 4034 Δ.
692 3985 721 4037 S.
734 3985 769 4034 D.
903 3984 934 4034 C.
945 3982 995 4044 [ης
1011 3988 1041 4032 ut
1052 3997 1127 4034 secus
1137 3983 1206 4032 lotus
1217 3988 1265 4047 est,
1275 3982 1309 4036 A.
1321 3986 1357 4036 D.

449 4054 601 4117 'Ecclesia.]
621 4056 651 4104 C.
663 4055 698 4105 D.
718 4056 751 4105 Ε.
767 4054 799 4103 L.
810 4069 818 4115 ;
834 4068 876 4103 ec·
935 4049 1027 4115 ‘Rege
1035 4051 1109 4116 ipso]
1129 4052 1164 4101 A.
1177 4053 1206 4103 S.
1218 4055 1248 4104 C.
1260 4055 1296 4106 D.
1308 4056 1333 4103 Ε
1340 4059 1365 4105 2.

414 4125 493 4175 clesia
504 4125 564 4186 Dei,
576 4124 609 4174 A.
622 4124 651 4174 S.
899 4123 930 4172 L.
941 4138 948 4183 ;
965 4123 1054 4184 ‘ipso’
1065 4122 1171 4172 omitted
1182 4123 1209 4171 in
1221 4125 1246 4172 E
1255 4129 1279 4175 1.

449 4197 459 4227 ⁸
470 4194 591 4258 Somnio]
601 4192 636 4245 A.
647 4194 683 4242 D.
695 4193 729 4244 E.
741 4191 772 4243 L.
782 4209 790 4254 ;
802 4192 872 4244 omit·
933 4188 944 4220 ⁰
955 4191 1085 4242 Admissus
1096 4192 1155 4255 est]
1163 4189 1233 4246 ΑΒ.
1239 4194 1276 4246 D.
1283 4194 1348 4246 M.
1355 4210 1363 4255 ;

413 4265 579 4316 redisse.
897 4263 953 4325 ipse
965 4263 1197 4325 admissusest,G.
