3112 4968
346 463 412 528 344
561 477 676 525 ensru
700 476 828 524 nncuu
851 476 1067 524 suetonum
1154 459 1242 542 [nra.
1259 477 1297 524 11.

346 639 398 701 ita
412 636 564 706 Romani
580 636 798 718 apostolatus
815 641 946 698 statum
966 653 1029 716 per
1043 632 1213 696 incuriam
1234 653 1296 696 an-

347 743 559 800 tecessorum
579 735 786 798 diminutum
803 735 947 810 invenit,
973 741 1014 796 ut
1034 740 1163 815 practer
1185 751 1297 814 pauca

346 836 475 918 oppida
497 834 575 898 urbi
596 836 722 911 vicina,
746 841 782 898 et
801 834 994 897 oblationes
1019 832 1183 909 fidelium,
1209 851 1296 914 pene

346 934 433 1022 nihil
455 934 596 999 haberet
615 933 708 1016 quod
731 952 769 997 se
792 939 1012 996 sustentaret
1066 931 1236 996 Civitates
1262 939 1297 996 et

347 1036 582 1116 possessiones
609 1035 645 1096 in
673 1034 865 1115 longinquo
893 1033 1029 1114 positae,
1056 1051 1135 1113 quae
1164 1032 1208 1094 ad
1234 1031 1250 1114 j

347 1134 502 1197 ecclesiae
524 1133 755 1215 pertinebant,
771 1151 792 1195 a
809 1132 1030 1213 praedonibus
1052 1132 1201 1210 ablatae3
1225 1138 1296 1194 tra-

347 1234 449 1295 mites
472 1233 601 1315 publici
616 1239 652 1297 et
669 1238 781 1295 strata
796 1232 930 1295 viarum
951 1251 1014 1314 per
1029 1237 1140 1294 totam
1155 1230 1296 1294 Italiam

348 1351 371 1396 a
394 1331 587 1395 latronibus
617 1333 848 1414 stipabantur,
882 1338 922 1395 ut
951 1329 1066 1393 nullus
1095 1331 1295 1412 peregrinus

348 1431 416 1494 nisi
431 1451 508 1494 cum
522 1432 647 1514 majori
661 1438 766 1494 manu
782 1432 922 1513 impune
939 1430 1113 1494 transiret.
1167 1430 1296 1494 Ferve-

348 1532 434 1594 bant
454 1531 538 1594 totis
555 1531 687 1594 semitis
709 1530 950 1593 insidiatorum
973 1530 1145 1606 examina,
1161 1549 1224 1608 nec
1243 1530 1295 1592 in-

348 1631 511 1694 veniebat
526 1632 642 1694 viator
657 1649 725 1711 quo
743 1630 892 1694 colludio
910 1630 1093 1693 evaderet:
1117 1629 1167 1692 ita
1182 1630 1218 1692 in
1233 1649 1294 1693 va-

350 1748 452 1792 cuum
475 1730 566 1793 sicut
591 1731 627 1793 in
655 1730 881 1812 pecuniosum
904 1729 1103 1808 furebatur3
1127 1749 1191 1792 nec
1213 1748 1295 1810 sup-

348 1829 431 1910 plex
454 1827 581 1891 habere
603 1829 764 1910 gratiam,
791 1848 854 1892 nec
876 1829 1039 1892 resistens
1065 1828 1139 1910 pati
1159 1835 1297 1910 poterat

349 1926 560 1992 violentiam.
627 1927 811 1992 Cessatum
842 1936 896 1992 est
924 1928 968 1991 ab
996 1929 1091 1991 omni
1118 1928 1298 2010 provincia

350 2026 499 2091 Romam
525 2028 591 2090 iter
613 2027 768 2110 aggredi,
791 2028 883 2109 quod
906 2027 1026 2092 mallet
1051 2028 1214 2110 quislibet
1235 2047 1297 2109 per

349 2126 556 2191 domesticas
598 2127 761 2190 ecclesias
801 2147 960 2191 nummos
1006 2147 1087 2191 suos
1132 2127 1296 2204 dividere,

349 2245 454 2306 quam
493 2227 708 2290 latrunculos
748 2228 897 2309 propriis
933 2227 1108 2290 laboribus
1143 2245 1295 2308 pascere.

351 2324 446 2403 Quid
472 2325 509 2389 in
532 2326 615 2388 urbe
631 2327 733 2389 unico
752 2323 833 2390 olim
854 2319 1052 2390 habitaculo
1075 2326 1296 2390 sanctitatis?

350 2425 398 2488 ibi
422 2424 459 2487 in
485 2425 598 2488 medio
620 2425 695 2488 foro
717 2427 934 2507 vagabantur
953 2427 1079 2503 sicarii,
1102 2445 1210 2507 genus
1232 2426 1295 2490 ho-

349 2524 482 2587 minum
497 2524 641 2587 infidum
657 2531 692 2588 et
707 2532 895 2589 versutum.
947 2525 985 2588 Si
1001 2526 1078 2608 quis
1095 2526 1296 2589 semitarum

350 2623 592 2687 observatores
622 2624 739 2707 aliquo
773 2625 955 2688 transisset
986 2625 1143 2712 artificio,
1172 2626 1297 2706 capitis

349 2722 483 2787 scilicet
509 2723 662 2806 periculo
683 2725 834 2806 'apostoli
856 2725 1037 2788 ecclesiam
1057 2726 1175 2789 videre
1200 2725 1296 2807 cupi-

349 2841 424 2899 ens,
448 2823 484 2886 in
509 2823 652 2886 sicarios
683 2823 851 2901 incidens,
876 2824 971 2888 nullo
992 2824 1092 2889 modo
1117 2826 1192 2888 sine
1214 2825 1294 2888 sub-

349 2922 488 2985 stantiae
511 2922 567 2987 vel
590 2922 715 2986 salutis
740 2924 867 2986 damno
890 2924 1028 2988 domum
1053 2932 1292 2989 reverteretur.

349 3019 461 3102 Super
476 3022 554 3102 ipsa
572 3029 772 3086 sanctorum
795 3023 1031 3104 apostolorum
1053 3031 1088 3088 et
1104 3025 1295 3107 martyrum

347 3137 504 3202 corpora,
527 3139 631 3201 super
656 3141 756 3185 sacra
770 3122 907 3200 altaria,
922 3123 1029 3205 gladii
1051 3125 1292 3203 nudabantur3

346 3218 539 3283 oblationes
580 3220 816 3285 accedentium
844 3221 904 3284 vix
936 3223 1018 3285 dum
1048 3225 1217 3306 appositae
1250 3223 1293 3287 de

345 3319 504 3382 manibus
533 3313 812 3401 abripiebantur3
842 3322 995 3404 abreptae
1025 3323 1061 3386 in
1087 3343 1293 3387 commessa-

345 3418 457 3481 tiones
486 3426 522 3490 et
554 3427 746 3484 scortorum
777 3421 961 3484 abusiones
992 3425 1291 3487 consumebantur.

346 3515 540 3581 Tantorum
562 3518 731 3583 malorum
748 3520 850 3584 turbo
867 3520 1031 3602 Gregorii
1050 3530 1218 3604 papatum
1240 3523 1292 3584 of·
1371 3523 1374 3529 ’

344 3615 466 3680 fendit.
501 3617 567 3681 Ille
585 3619 696 3700 primo
711 3619 848 3698 leniter,
862 3627 909 3698 et,
923 3627 963 3684 ut
973 3622 1170 3703 pontificem
1182 3622 1292 3699 decet,

342 3835 393 3891 tus,
405 3831 439 3880 A.
450 3831 486 3880 D.
498 3833 643 3896 M.—Pagi
663 3837 749 3897 places
764 3837 806 3886 the
824 3841 933 3889 council
950 3841 1010 3890 held
1028 3845 1054 3890 at
1070 3843 1139 3891 Sutri
1151 3857 1183 3891 on
1195 3842 1293 3893 Christ·

342 3908 554 3951 commencemeut
570 3903 599 3952 oi
607 3905 745 3967 Gregory’s
762 3921 806 3968 pa·
830 3911 957 3971 mas-day,
970 3911 1040 3961 AJ).
1053 3915 1127 3974 1046,
1143 3912 1182 3961 sor
1196 3913 1291 3977 having

342 3983 408 4030 pacy
426 3971 452 4018 in
471 3971 535 4032 May
549 3975 623 4035 1044,
638 3975 685 4024 but
701 3977 806 4039 Ughelli
830 3980 947 4028 obtained
961 3981 1004 4029 the
1015 3981 1075 4042 hely
1085 3997 1127 4030 see
1138 3983 1172 4042 by
1183 3983 1289 4044 simony.

341 4041 405 4088 cites
427 4054 444 4088 a
473 4042 573 4091 charter
601 4045 627 4091 in
649 4045 734 4095 which
762 4047 805 4096 the
830 4049 882 4098 Mr.
900 4049 997 4112 Sharpe
1019 4051 1133 4100 remarks
1152 4052 1207 4100 that
1223 4053 1290 4101 Mal·

341 4109 426 4156 month
444 4109 472 4158 of
481 4111 585 4173 August
598 4117 661 4162 1045
682 4117 704 4162 is
722 4117 805 4164 stated
828 4120 969 4180 mesbury’s
983 4121 1113 4170 character
1123 4121 1152 4170 of
1161 4122 1211 4170 this
1222 4138 1289 4184 pope

340 4179 408 4257 tobe
420 4179 447 4226 in
458 4179 500 4228 the
512 4183 567 4230 iirst
579 4197 640 4243 year·
650 4183 679 4232 os
692 4184 732 4233 his
743 4201 805 4246 pon·
828 4189 1204 4252 isconsideredasapocryphal.
1216 4193 1290 4241 Com-

338 4248 440 4298 trlicate.
477 4249 520 4298 He
541 4266 595 4300 was
615 4252 728 4314 deposed
743 4262 770 4304 at
787 4271 803 4306 a
827 4273 888 4318 pare
900 4259 993 4310 Rodul.
1006 4260 1110 4311 Glaber.
1122 4261 1166 4311 lib.
1180 4274 1204 4311 ν.
1217 4277 1239 4312 c.
1252 4267 1275 4313 6.
