3162 4972
208 486 277 533 mn.
295 469 341 552 a]
441 484 554 532 cnsnn
578 481 706 532 ancum
730 485 945 534 suenorum.
1098 472 1165 540 125·

209 643 279 706 una
305 662 350 707 ex
373 642 443 707 illis
473 641 630 725 epistolis
658 645 847 726 reperimus
872 644 1022 727 qualiter
1047 647 1163 725 gratia
1242 661 1244 666 ·

210 750 338 808 nostrae
361 744 562 825 apostolicae
586 743 785 820 functioniS,
817 745 846 806 si
865 744 973 827 juxta
996 744 1162 823 fuissetis,

210 844 360 906 animam
375 849 527 908 vestram
553 862 617 925 pro
641 843 740 907 nobis
765 839 970 925 posuissetis
990 844 1161 928 benigne;

209 943 314 1008 immo
333 952 368 1007 et
389 949 518 1006 nostrae
538 943 762 1025 prosperitati
784 942 931 1007 multum
954 944 991 1005 in
1008 943 1162 1008 Domino

210 1043 469 1125 congaudeatis,
492 1050 528 1106 et
549 1043 689 1124 qnando
712 1049 841 1106 nostrae
865 1043 1071 1107 dulcissimae
1100 1042 1161 1105 ad-

210 1143 408 1206 monitionis
430 1143 541 1205 literae
563 1142 607 1204 ad
623 1149 748 1206 vestrae
770 1143 1010 1208 unanimitatis
1039 1162 1161 1226 perve-

209 1242 310 1308 niunt
324 1261 437 1318 aures,
453 1262 530 1305 cum
548 1243 641 1306 omni
657 1241 831 1306 suavitate
846 1242 959 1306 cordis
976 1251 1012 1306 et
1034 1242 1162 1324 gaudio

209 1342 369 1422 spiritali,
396 1341 495 1424 quasi
518 1341 591 1419 filii,
621 1349 802 1424 paternum
836 1361 961 1405 munus
988 1342 1162 1425 suscipere

208 1440 376 1505 fatemini.
429 1441 619 1505 Fatebatur
635 1461 718 1506 vero
741 1449 777 1505 et
798 1441 875 1519 hoc,
889 1442 982 1523 quod
1004 1442 1163 1524 aliquan-

209 1541 318 1604 tulam
333 1561 379 1605 ex
393 1549 510 1605 vestra
527 1540 693 1605 facultate
706 1541 978 1606 benedictionem
992 1542 1091 1605 nobis
1108 1543 1160 1606 of-

209 1639 291 1704 serni
299 1640 546 1719 demandastis,
557 1641 591 1705 id
602 1648 667 1719 est,
676 1641 944 1723 centumviginti
953 1633 1161 1719 ¹mancusas,

209 1760 296 1822 quas
313 1760 390 1804 cum
408 1761 535 1822 magno
551 1761 668 1806 amore
682 1759 745 1823 pro
764 1742 888 1804 animae
901 1747 1026 1806 vestrae
1049 1742 1161 1806 salute

210 1842 434 1923 suscepimus.
487 1841 534 1905 Et
564 1841 750 1923 praedictus
778 1839 1056 1924 archiepiscopus
1082 1861 1161 1907 cum

210 1941 312 2004 sociis
323 1941 395 2004 suis
409 1940 595 2005 honorifice
608 1959 649 2004 ac
663 1940 812 2022 benigne
827 1959 849 2004 a
865 1940 964 2004 nobis
979 1948 1160 2023 susceptus

209 2047 274 2116 est,
288 2048 323 2104 et
337 2041 495 2125 adjuvari
510 2060 589 2104 eum
603 2041 639 2103 in
652 2041 725 2105 suis
739 2040 1001 2104 necessitatibus
1015 2039 1162 2105 libenter

209 2139 363 2204 lecimus.
397 2141 537 2204 Interea
552 2141 729 2204 credentes
743 2147 868 2204 vestrae
883 2139 1160 2222 prudentissimae

210 2239 438 2317 excellentiae,
461 2240 521 2304 ubi
546 2239 720 2305 serebatur
732 2239 769 2303 in
786 2239 871 2323 ipsis
894 2241 964 2303 tuis
987 2240 1160 2321 regalibus

211 2339 366 2422 apicibus
397 2340 489 2422 quod
517 2341 645 2404 nostris
685 2338 886 2422 apostolicis
924 2339 1161 2403 sanctionibus

208 2440 324 2503 nullus
339 2438 559 2504 Christianus
580 2440 751 2504 contraire
763 2439 961 2522 praesumit3
984 2439 1062 2504 ideo
1078 2440 1161 2504 totis

152 2576 153 2579 =
210 2541 342 2603 nisibus
379 2541 507 2604 nostris
543 2559 586 2604 aa
614 2559 692 2621 quae
729 2546 791 2602 tuo
830 2559 938 2620 regno
971 2539 1161 2622 expediunt

209 2639 364 2704 emittere
396 2648 501 2723 atque
534 2638 722 2722 praedicare
745 2656 921 2715 conamur,
949 2645 989 2702 ut
1013 2657 1057 2701 ea
1081 2659 1160 2721 quac

210 2740 308 2804 vobis
326 2741 491 2822 praelatus
506 2738 615 2804 frater
636 2745 754 2803 noster
770 2737 977 2801 Ethelardus
993 2738 1160 2819 archiepi-

210 2858 347 2920 scopus,
363 2859 425 2903 seu
440 2847 516 2904 tota
534 2839 687 2922 synodus
703 2836 912 2919 evangelicae
935 2847 1040 2920 atque
1058 2857 1159 2920 apos-

210 2939 322 3003 tolicae
344 2939 510 3004 doctrinae
540 2946 806 3020 sanctorumque
833 2947 984 3020 patrum,
1006 2957 1161 3002 necnon

208 3040 499 3122 praedecessorum
519 3046 717 3102 sanctorum
735 3045 930 3102 nostrorum
946 3037 1160 3121 pontificum,

208 3140 375 3204 canonica
386 3159 531 3204 censura
544 3139 768 3222 praedicante,
782 3144 907 3203 vestrae
922 3138 1031 3220 regali
1046 3139 1161 3202 excel·

207 3238 336 3317 lentiae,
360 3260 422 3304 seu
446 3240 580 3303 cunctis
602 3238 815 3322 principibus
836 3238 950 3319 gentis
964 3246 1103 3316 vestrae,
1125 3245 1162 3304 et

208 3339 370 3404 universo
390 3339 520 3422 populo
534 3339 615 3415 Dei,
629 3338 798 3415 edisserit,
821 3356 1040 3420 nequaqnam
1053 3338 1089 3400 in
1104 3358 1161 3401 or-

208 3438 364 3503 thodoxa
388 3459 506 3504 eorum
532 3438 689 3502 doctrina
717 3436 894 3518 quippiam
917 3437 1076 3499 resistere
1101 3437 1161 3500 de-

207 3538 332 3615 beatis,
342 3539 492 3602 Domino
507 3557 547 3601 ac
558 3537 791 3618 Redemptore
800 3541 919 3598 nostro
931 3535 968 3596 in
979 3534 1161 3616 evangelio

208 3637 355 3714 dicente,
372 3637 431 3700 ubi
446 3637 508 3713 ait,
530 3642 553 3670 “
563 3629 654 3713 ²Qui
667 3653 730 3702 vos
746 3633 879 3716 recipit,
894 3653 949 3698 me
960 3633 1100 3715 recipit3
1124 3642 1160 3699 et

8 3727 15 3782 l
204 3737 267 3819 qni
282 3736 403 3818 recipit
417 3734 621 3818 prophetam
643 3736 680 3798 in
703 3733 841 3797 nomine
864 3733 1055 3816 prophetae,
1071 3754 1159 3798 mer-

167 3859 170 3863 ·
209 3836 326 3900 cedem
354 3835 532 3918 prophetae
559 3832 740 3916 accipiet.”
793 3832 934 3911 Quanto
955 3833 1067 3915 magis
1095 3854 1160 3917 pro

205 3937 282 4019 ipso
305 3935 491 4018 saepedicto
515 3933 783 4016 archiepiscopo,
812 3952 914 4016 quem
937 3934 1036 3996 nobis
1059 3934 1161 3997 valde

242 4203 414 4268 ¹Mancuaas.]
433 4207 461 4256 S.
484 4209 514 4256 C.
532 4207 582 4267 E.;
604 4222 673 4255 man·
732 4202 1159 4272 2(ἰαὶυοε...ρνορΙιείιεαεσίρὶεῑί.]

207 4277 288 4338 culae,
298 4277 332 4327 A.
346 4277 381 4325 D.
393 4277 424 4325 L.
697 4277 773 4326 Matt.
785 4292 812 4325 x.
824 4280 866 4340 lo,
876 4279 918 4325 dl.
