3162 4972
247 513 317 561 nm.
332 495 389 576 11.]
473 509 588 558 casm
612 508 739 556 nacon
764 507 979 558 Anauonuu.
1137 493 1210 558 171·

252 667 340 730 tium
366 665 624 729 crudelissimas
648 664 924 747 depraedationes
944 666 1107 742 hostium,
1122 666 1202 729 bar-

250 767 413 829 bararum
430 785 713 847 paganarumque
730 766 885 846 gentium
904 765 1113 847 multiplices
1138 767 1201 829 tri·

251 865 460 942 balationes,
483 864 527 927 ad
552 863 773 946 affligendum
805 883 916 946 usque
943 864 988 928 ad
1017 865 1201 928 interneci-

254 984 367 1040 onem,
401 971 558 1045 tempora
579 965 749 1027 cernimus
776 964 974 1027 incumbere
995 964 1200 1045 periculosa.

255 1063 489 1142 Quamobrem
509 1083 574 1144 ego
592 1062 821 1127 Ethelwulfus
843 1083 906 1126 rex
925 1062 1203 1127 Occidentalium

254 1163 447 1238 Saxonum,
474 1162 719 1226 cumconsilio
745 1163 986 1244 episcoporum
1009 1181 1050 1225 ac
1074 1163 1203 1251 princi-

253 1281 336 1344 pum
360 1281 526 1337 meorum,
552 1262 734 1324 consilium
755 1262 894 1324 salubre
907 1268 1013 1344 atque
1033 1261 1203 1325 uniforme

255 1361 443 1424 remedium
467 1359 635 1424 affirmavi
666 1367 707 1423 ut
733 1360 886 1442 aliquam
916 1359 1110 1442 portionem
1133 1368 1203 1425 ter-

253 1479 370 1523 rarum
384 1458 639 1523 haereditariam
654 1466 736 1522 ante
748 1478 769 1522 a
779 1458 1035 1540 possidentibus
1045 1459 1204 1522 omnibus

256 1559 432 1642 gradibus,
460 1559 535 1622 sive
566 1559 705 1622 famulis
737 1565 772 1622 et
804 1557 999 1623 famulabus
1027 1558 1095 1622 Dei
1126 1559 1204 1622 Deo

256 1657 499 1735 servientibus,
516 1658 591 1722 sive
616 1651 744 1734 llaicis,
765 1676 901 1738 semper
923 1656 1091 1720 decimam
1105 1677 1204 1720 man·

258 1759 391 1821 sionem
408 1758 466 1820 ubi
484 1757 662 1819 minimum
674 1757 732 1832 sit,
748 1764 865 1820 tamen
875 1764 1009 1838 partem
1024 1756 1204 1834 decimam,

257 1859 293 1920 in
309 1857 506 1920 libertatem
526 1862 730 1938 perpetuam
745 1855 930 1938 perdonari
948 1855 1148 1938 dijudicavi,
1164 1859 1205 1920 ut

257 1957 304 2019 sit
317 1962 395 2044 tuta
410 1962 515 2036 atque
532 1957 666 2018 munita
679 1957 723 2017 ab
739 1955 898 2018 omnibus
907 1955 1120 2019 secularibus
1131 1975 1204 2018 ser-

256 2056 439 2132 vitutibuS,
470 2073 605 2118 necnon
627 2054 804 2136 regalibus
835 2055 987 2130 tribalia,
1012 2054 1204 2138 majoribus

257 2162 293 2218 et
316 2154 518 2231 minoribus,
541 2154 615 2217 sive
640 2153 891 2230 taxationibus„
914 2152 1006 2234 quod
1031 2171 1095 2215 nos
1119 2153 1204 2218 dici-

257 2272 335 2317 mus
359 2253 583 2332 Witereden3
610 2254 724 2334 sitque
755 2253 864 2315 libera
893 2253 1046 2315 omnium
1079 2271 1205 2329 rerum,

257 2372 321 2434 pro
342 2351 542 2415 remissione
568 2351 759 2426 animarum
777 2358 811 2414 et
824 2356 1045 2432 peccatorum
1068 2360 1207 2416 nostro-

258 2471 346 2528 rum,
361 2452 438 2515 Deo
454 2451 520 2514 soli
537 2450 580 2513 ad
601 2449 832 2526 serviendum,
847 2451 920 2512 sine
935 2450 1157 2531 expeditione
1171 2457 1207 2514 et

258 2551 374 2633 pontis
396 2549 625 2614 instructione
651 2556 687 2612 et
707 2549 796 2612 arcis
818 2547 1022 2625 munitione,
1037 2556 1078 2612 ut
1095 2568 1136 2612 eo
1153 2549 1206 2611 di-

257 2649 420 2730 ligentius
435 2669 499 2730 pro
517 2649 616 2712 nobis
634 2647 678 2709 ad
689 2641 890 2712 ²Dominum
907 2665 1027 2728 preces
1045 2648 1121 2710 sine
1132 2667 1207 2711 ces·

259 2749 394 2811 satione
415 2747 575 2826 fundant,
589 2766 658 2829 quo
674 2766 791 2810 eorum
808 2746 1010 2810 seruitutem
1032 2746 1068 2808 in
1090 2746 1209 2828 aliqua

258 2854 358 2928 parte
385 2846 602 2928 levigamus!
654 2844 793 2910 Placuit
824 2852 939 2908 autem
970 2851 1054 2908 tunc
1086 2851 1210 2926 postea

261 2947 433 3028 episcopis
464 2944 612 3010 Alstano
651 2944 930 3010 Scireburnensis
967 2944 1134 3022 ecclcsiae,
1173 2951 1210 3006 et

264 3045 443 3109 Swithuno
474 3043 808 3110 Wintancestrensis
832 3044 1000 3122 ecclesiae‚
1031 3063 1115 3106 cum·
1136 3043 1209 3106 suis

263 3146 446 3209 abbatibus
461 3151 497 3208 et
510 3146 621 3209 servis
641 3145 709 3208 Dei
724 3144 904 3208 consilium
920 3144 1018 3220 inire,
1034 3151 1075 3207 ut
1091 3147 1210 3206 ornnes

260 3243 386 3308 fratres
411 3250 447 3307 et
468 3262 603 3308 sorores
628 3250 756 3307 nostrae
784 3242 829 3306 ad
855 3261 1132 3325 unamquamque
1154 3261 1210 3304 ec-

191 3339 196 3348 ’
263 3344 404 3406 alesiam
430 3341 523 3405 omni
541 3341 768 3418 hebdomada,
783 3340 950 3404 Mercurii
975 3340 1042 3417 die,
1057 3341 1123 3405 hoc
1145 3347 1211 3417 est,

262 3440 499 3520 Wodnesdeg,
520 3441 630 3503 omnis
654 3440 877 3520 congregatio
900 3445 1018 3500 cantet
1040 3441 1212 3520 quinqua-

265 3539 363 3618 ginta
385 3537 549 3619 psalmoS‚
578 3546 614 3602 et
644 3538 882 3618 unusquisque
913 3536 1095 3618 presbyter
1126 3536 1213 3600 duas

264 3638 403 3712 missas,
432 3655 537 3699 unam
574 3655 637 3718 pro
668 3655 749 3716 rege
787 3633 1008 3711 Ethelwulfo,
1043 3640 1079 3697 et
1109 3635 1213 3697 aliam

265 3755 328 3818 pro
351 3733 495 3797 ducibus
517 3734 593 3819 ojus
617 3734 697 3797 huic
714 3734 805 3797 dono
822 3733 1127 3810 consentientibus,
1150 3752 1214 3815 pro

265 3834 422 3898 mercede
451 3841 486 3897 ct
517 3833 695 3913 refrigerio
727 3832 929 3896 delictorum
957 3843 1117 3896 suorum:
1151 3853 1214 3914 pro

266 3955 349 4016 rege
367 3934 518 4010 vivente,
534 3938 545 3966 ‘
561 3934 659 3997 Deus
675 3933 734 4014 qui
750 3929 925 4016 justificas
937 3931 958 4010 ;’
981 3950 1044 4014 pro
1071 3931 1215 3994 ducibus

266 4033 496 4108 viventibus,‘
509 4030 693 4095 Praetende
704 4031 852 4095 Domine
861 4030 881 4108 ;’
899 4037 1085 4112 postquam
1099 4037 1215 4093 autem

304 4235 310 4264 ¹
324 4231 432 4304 Laicis]
456 4236 560 4284 ‘Laicis
579 4233 688 4282 miseris’
703 4234 730 4281 in
790 4227 964 4293 momina]
983 4231 1032 4290 E.;
1048 4230 1143 4293 Deum,
1153 4229 1218 4280 AS.

267 4306 388 4369 Ingulph.
757 4301 787 4350 C.
800 4301 834 4350 D.
847 4301 877 4350 L.
