3128 4976
215 510 356 590 mara]
439 527 553 575 casm
577 527 704 576 annun
728 527 944 576 lncnonun.
1044 596 1046 600 ι
1100 511 1166 576 283

110 740 117 751 ..
218 683 366 764 abrupto
389 683 463 747 loro
488 682 667 763 effugiens,
695 684 731 746 in
761 683 956 766 proximum
983 681 1097 746 lacum
1128 701 1167 746 se

218 782 376 865 projecit,
399 789 446 860 et,
471 782 600 846 diutius
626 782 662 845 in
693 800 786 865 aqua
806 783 996 858 volutatus,
1020 781 1167 862 figuram

218 881 295 944 sibi.
309 881 494 946 humanam
517 881 680 946 restituit.
732 881 859 946 Custos
882 882 925 944 ab
948 881 1060 945 obviis
1082 882 1167 945 scis·

220 981 359 1058 citatus,
386 981 552 1064 illumque
574 981 733 1062 vestigiis
759 982 949 1058 insecutus,
976 981 1168 1062 interrogat

220 1098 265 1143 an
279 1081 423 1144 vidisset
445 1082 602 1144 asinum:
624 1079 730 1145 refert
750 1081 808 1144 ille
831 1099 869 1144 se
891 1081 1026 1144 asinum
1049 1080 1167 1157 fuisse,

218 1179 320 1269 modo
331 1180 517 1257 hominem,
533 1199 737 1261 omnemque
752 1199 870 1246 casum
889 1179 1045 1260 exponit.
1098 1179 1167 1244 Mi·

217 1285 314 1341 ratus
336 1277 485 1342 famulus
509 1278 552 1342 ad
575 1278 751 1343 dominum
774 1278 918 1356 detulit;
941 1277 1100 1342 dominus
1123 1279 1167 1343 ad

219 1377 447 1460 apostolicum
463 1378 626 1455 Leonem,
640 1377 718 1442 dico
741 1386 860 1443 nostro
880 1378 996 1442 seculo
1019 1379 1167 1442 sanctis·

217 1478 361 1556 simum3
396 1480 564 1542 convictae
598 1495 686 1544 anus
713 1477 803 1542 idem
834 1478 998 1541 fatentur.
1054 1477 1166 1542 Dubi-

218 1584 350 1641 tantem
376 1594 502 1659 papam
526 1577 706 1642 confirmat
724 1577 851 1641 Petrus
868 1575 1073 1654 Damianus,
1090 1577 1167 1641 lite·

218 1684 346 1739 raturae
368 1677 512 1758 peritus,
533 1696 603 1740 non
625 1677 749 1740 mirum
771 1677 801 1739 si
823 1676 898 1739 haec
914 1676 987 1739 fieri
1008 1676 1166 1758 possint3

218 1775 456 1859 productoque
491 1777 650 1858 exemplo
683 1775 726 1840 de
757 1769 915 1839 ¹Simone
951 1775 1072 1856 Mago,
1108 1777 1168 1858 qui

219 1875 484 1939 Faustinianum
506 1875 542 1939 in
568 1875 718 1938 Simonis
734 1871 846 1957 figura
863 1874 985 1951 videri,
1004 1882 1040 1939 et
1053 1895 1075 1940 a
1087 1876 1167 1938 filiis

215 1973 347 2038 horreri
369 1974 463 2052 fecit,
488 1975 745 2040 instructiorem
767 1975 810 2039 de
833 1981 959 2039 caetero
984 1974 1020 2037 in
1040 1975 1168 2039 talibus

216 2073 388 2138 reddidit’

383 2262 431 2308 DE
454 2262 582 2309 CAPITE
606 2262 757 2311 S'l'A'l'UAE
784 2261 997 2321 LOQUEN'I'IS.

270 2368 288 2452 §
305 2368 380 2433 172.
405 2368 494 2433 Haec
511 2369 736 2452 Aquitannici
749 2373 855 2434 verba
877 2371 955 2434 ideo
970 2368 1111 2446 inserui,
1126 2388 1169 2432 ne
1181 2391 1286 2454 aeram

220 2467 277 2530 cui
302 2469 426 2534 mirum
441 2470 601 2534 videatur
618 2469 710 2551 qnod
737 2468 780 2532 de
795 2468 966 2533 Gerherto
987 2468 1080 2532 fama
1098 2468 1167 2532 dis·
1181 2445 1284 2534 :aldith

220 2567 349 2648 persit3
375 2568 505 2632 fudisse
527 2570 593 2632 sihi
617 2575 744 2632 statuae
770 2576 887 2650 capnt,
912 2576 1008 2632 certa
1033 2568 1168 2649 inspec-

219 2667 314 2731 tione
335 2668 509 2750 syderum,
526 2688 604 2732 cnm
619 2667 780 2732 videlicet
793 2687 911 2732 omnes
934 2668 1083 2749 planetae
1102 2679 1168 2729 'ex-

219 2767 316 2830 ordia
346 2786 467 2830 cursus
500 2769 555 2831 sui
585 2766 845 2843 meditarentur,
874 2766 968 2849 quod
1001 2785 1071 2829 non
1102 2766 1169 2829 nisi

219 2865 470 2947 interrogatum
493 2866 703 2950 loqueretur,
730 2867 790 2930 sed
806 2885 926 2931 verum
941 2866 997 2930 vel
1019 2864 1168 2929 affirma

219 2965 290 3030 tive
316 2965 372 3030 vel
403 2967 565 3048 negative
595 2965 851 3049 pronunciaret.
903 2965 1013 3032 Verbi
1041 2965 1167 3046 gratia,

219 3057 362 3128 ²diceret
370 3065 572 3144 Gerbertus,
582 3072 591 3099 ‘
603 3066 673 3129 Ero
687 3065 898 3148 apostolicus
910 3065 936 3128 t’
946 3064 1168 3148 responderet

220 3169 349 3241 statua,
361 3171 371 3198 ‘
382 3165 521 3229 Etiam?
567 3166 722 3230 ‘Moriar
732 3171 921 3246 'antequam
936 3171 1072 3229 cantem
1085 3165 1167 3227 mis-

219 3282 294 3327 sam
319 3265 356 3328 in
371 3263 603 3328 Jerusaleml'
655 3265 785 3328 ‘Non’
837 3263 917 3342 Quo
939 3263 1036 3328 illurn
1059 3264 1166 3327 ambi·

220 3381 289 3442 guo
306 3363 487 3445 deceptum
508 3364 637 3441 ferunt,
651 3370 691 3426 ut
712 3363 799 3426 nihil
819 3363 1036 3444 excogitaret
1056 3363 1167 3444 poeni-

220 3461 340 3525 tentiae
365 3463 425 3544 qui
447 3463 562 3526 animo
584 3462 798 3525 blandiretur
813 3481 877 3524 suo
894 3461 937 3525 de
951 3462 1058 3542 longo
1080 3468 1166 3524 tem·

221 3579 304 3642 pore
327 3561 429 3640 vitae3
454 3562 593 3642 quando
618 3562 709 3625 enim
734 3560 983 3642 lerosolymam
1008 3560 1058 3622 ire
1082 3559 1165 3624 deli-

220 3661 357 3723 beraret
386 3668 426 3724 ut
458 3668 604 3725 mortem
634 3661 859 3724 stimularetl
912 3659 988 3723 Nec
1017 3659 1169 3742 providit

257 3890 377 3940 ¹Sinwae
388 3891 487 3953 Maga]
503 3891 535 3938 In
551 3890 594 3938 the
610 3888 684 3938 labu-
710 3894 781 3950 great
808 3890 887 3954 alaim
909 3889 939 3937 ot‘
956 3889 997 3937 his
1019 3902 1088 3950 sons,
1109 3888 1169 3936 who

223 3964 281 4012 lous
292 3961 448 4023 itineraryof
455 3963 492 4010 St.
500 3961 587 4022 Peter,
593 3958 685 4020 folsely
708 3959 816 4008 mistook
828 3958 881 4006 him
892 3955 930 4007 for
941 3960 1036 4020 Simon,
1047 3958 1098 4006 and
1109 3959 1169 4024 ded,

220 4029 363 4081 'attributed
379 4030 535 4080 toGlemens
546 4033 684 4090 Romanus,
708 4029 773 4077 until
800 4029 912 4077 recalled
947 4030 981 4090 by
1016 4029 1052 4078 St.
1081 4029 1167 4078 Peter.
1195 4071 1199 4081 ,

224 4102 310 4150 Simon
320 4102 343 4150 is
353 4101 515 4162 represented
533 4115 562 4148 aa
578 4099 685 4161 causing
708 4098 827 4164 (Shorpe,
837 4094 908 4161 208.)

223 4172 437 4220 Faustinianusto
444 4185 545 4220 assume
556 4169 596 4219 his
607 4183 685 4217 coun-

222 4246 338 4302 tenance,
349 4242 382 4302 by
390 4241 498 4303 rubbing
509 4239 550 4288 his
558 4239 613 4288 face
622 4239 684 4287 with
745 4234 887 4296 ’Diceretd
910 4239 939 4287 C.
951 4239 984 4287 Ε.
993 4237 1023 4286 L.
1035 4253 1042 4298 ;
1059 4252 1117 4287 cum
1129 4237 1169 4286 di-

221 4327 237 4360 a
264 4311 406 4360 medicated
438 4314 561 4372 unguent,
588 4314 613 4357 to
642 4309 683 4357 the
710 4307 831 4368 ceret‚A.
845 4307 873 4356 S.
886 4307 921 4356 D.
