3128 4976
364 491 430 556 230
560 506 678 598 casm
703 506 829 554 nucum
853 505 1066 553 suetonum.
1169 492 1256 572 [um.
1275 509 1313 554 11.

367 664 454 726 simo
472 669 610 745 quarto,
619 661 817 726 Willelmus
834 661 925 724 filius
937 660 1111 737 Rollonis,
1128 661 1200 724 dux
1218 661 1311 726 Nor-

367 781 585 840 mannorum,
610 756 706 824 ¹dolo
728 762 764 823 in
789 761 939 824 Francia
965 761 1102 824 occisus
1124 767 1196 824 est:
1223 761 1315 845 quod

368 881 437 926 non
462 862 633 925 immerito
666 861 796 924 factum
827 861 978 945 majores
1004 859 1157 923 tradunt.
1210 858 1313 924 Riul-

369 960 424 1024 fus
438 961 619 1043 siquidem,
635 978 726 1024 unus
747 980 928 1042 procerum
946 953 1213 1024 ²Normannicae
1230 979 1314 1041 gen·

369 1061 427 1137 tis,
444 1061 481 1123 in
505 1059 729 1134 simultatem,
745 1061 863 1124 nescio
879 1078 949 1141 qua
971 1058 1013 1121 de
1038 1077 1157 1136 causa,
1172 1059 1314 1122 veniens

369 1178 448 1223 cum
472 1158 661 1236 Willelmo,
687 1158 806 1222 multis
838 1159 936 1222 illum
967 1157 1156 1222 assultibus
1179 1157 1314 1222 afflixit.

371 1258 550 1322 Militabat
566 1258 659 1322 filius
681 1258 757 1341 ejus
773 1255 1011 1321 Anscbetillus
1032 1257 1163 1333 comiti,
1179 1257 1250 1339 qui,
1275 1264 1315 1320 ut

371 1357 510 1421 domino
526 1358 691 1440 placeret,
705 1376 812 1422 ausus
828 1365 881 1422 est
897 1364 1065 1420 temerare
1087 1363 1260 1433 naturam,
1277 1363 1317 1419 ut

370 1464 505 1538 patrem
522 1450 655 1520 ⁸duello
673 1464 813 1539 caperet
837 1463 873 1520 et
893 1458 929 1520 in
951 1462 1161 1538 potestatem
1181 1456 1316 1519 comitis

371 1557 543 1636 traderet3
575 1556 728 1620 maximo
753 1563 870 1620 tamen
895 1562 1112 1619 sacramento
1143 1554 1316 1632 credulus,

371 1657 625 1738 nequicquam
652 1653 789 1738 iujuriae
813 1662 939 1738 praeter
962 1655 1102 1720 vincula
1127 1661 1315 1737 pateretur.

371 1754 439 1818 Sed
465 1756 556 1818 sicut
571 1773 707 1836 semper
722 1755 878 1836 nequitia
894 1773 1019 1820 causas
1034 1754 1203 1818 malorum
1223 1773 1316 1817 com·

370 1854 575 1930 miniscitur,
592 1861 672 1934 post
696 1872 765 1916 non
784 1853 930 1917 multum
954 1861 1091 1935 tempus
1118 1851 1234 1916 afficta
1258 1872 1316 1916 oc·

371 1953 511 2016 casione
532 1971 647 2016 comes
672 1949 926 2016 Auschetillum
948 1953 984 2016 in
1011 1952 1159 2034 Papiam
1185 1952 1316 2033 dirigit,

363 2051 555 2133 ¹epistolam
581 2052 624 2115 de
649 2071 714 2115 sua
737 2053 848 2133 ipsius
875 2072 959 2116 nece
982 2052 1026 2115 ad
1050 2052 1172 2115 ducem
1202 2051 1317 2117 Italiae

372 2157 580 2232 portantem.
632 2150 698 2214 Ille
715 2169 896 2232 permenso
915 2152 1050 2228 itinere,
1073 2153 1193 2214 urbem
1209 2151 1316 2214 iutro·

372 2250 458 2327 iens,
482 2250 665 2332 magnifice
687 2256 869 2332 susceptus
896 2258 960 2318 est.
1006 2250 1182 2314 Porrectis
1209 2250 1317 2314 literis

373 2349 447 2412 dux
487 2349 643 2414 fraudem
672 2349 817 2413 miratus
850 2350 1005 2431 diriguit,
1043 2350 1136 2431 quod
1172 2350 1318 2430 insignis

374 2447 575 2512 festivitatis
607 2448 706 2512 miles
727 2448 909 2533 juberetur
935 2448 1101 2512 interfici:
1136 2449 1196 2512 sed
1235 2449 1318 2530 quia

372 2553 482 2611 tantae
497 2547 599 2612 famae
616 2548 733 2612 comiti
748 2548 917 2612 resultare
932 2568 1002 2612 non
1019 2555 1111 2612 esset
1125 2547 1318 2625 consilium,

373 2644 627 2711 Auschetillum
655 2649 731 2733 Jam
763 2648 939 2712 civitatem
972 2666 1149 2729 egressum
1182 2648 1320 2729 excepit

372 2745 507 2810 insidiis
531 2747 636 2823 mille,
657 2753 700 2811 'ut
721 2746 841 2824 fertur,
864 2748 1040 2830 equitum;
1074 2747 1133 2810 ubi
1155 2746 1214 2810 ille
1239 2766 1317 2810 cum

373 2845 489 2921 sociis,
506 2865 594 2927 quos
620 2846 826 2910 lectissimos
847 2866 892 2910 ex
909 2847 1002 2910 omni
1020 2845 1237 2910 Normannia
1258 2846 1318 2909 ad-

374 2941 535 3021 duxerat,
551 2944 611 3008 diu
628 2944 802 3008 violentias
821 2946 962 3022 restitit,
976 2945 1036 3008 sed
1053 2945 1205 3023 tandem,
1227 2964 1317 3010 mor-

373 3048 443 3105 tem
460 3061 560 3106 suam
582 3043 701 3107 multis
717 3045 817 3108 caesis
838 3063 1077 3127 compensans,
1103 3065 1172 3108 non
1193 3046 1319 3126 ignave

373 3141 546 3206 occubuit.
598 3141 701 3208 Solus
727 3162 772 3206 ex
799 3150 946 3226 utraque
968 3152 1067 3226 parte
1094 3144 1202 3208 Balzo
1226 3143 1318 3207 Nor-

372 3257 521 3302 mannus
545 3248 732 3322 superstes
760 3243 813 3306 vir
840 3243 959 3323 exigui
981 3244 1135 3325 corporis
1162 3242 1222 3306 sed
1256 3242 1318 3305 im·

371 3338 484 3410 manis
501 3338 734 3404 fortitudinis:
761 3342 922 3423 quamvis
937 3341 1078 3424 quidam
1092 3361 1156 3423 per
1173 3342 1318 3406 ironiam

372 3438 489 3501 dicant
512 3458 591 3501 eum
606 3437 753 3502 Gurtum
769 3447 944 3517 vocatum,
960 3441 1056 3504 solus
1073 3442 1215 3524 inquam
1233 3441 1318 3504 civi-

371 3543 479 3599 tatem
502 3525 649 3615 obsedit,
666 3539 761 3603 solus
787 3541 880 3604 cives
905 3539 1023 3621 gladio
1043 3560 1119 3618 suo,
1135 3540 1251 3623 quoad
1267 3541 1320 3604 vi·

369 3655 446 3699 sum
471 3645 536 3714 est,
563 3639 744 3702 exterruit.
798 3638 879 3703 Hoc
905 3639 1105 3702 incredibile
1131 3657 1201 3703 uon
1223 3638 1318 3722 judi-

403 3907 411 3939 ¹
424 3909 487 3958 Dolo
503 3910 530 3958 ia
542 3909 649 3960 Francia
660 3911 752 3961 occisus
768 3915 826 3977 est]
852 3930 916 3976 ana3
936 3917 977 3967 ed.
992 3918 1034 3967 Fr.
1047 3917 1141 3968 Chesn.
1159 3921 1219 3966 tom.
1232 3930 1274 3967 111.
1292 3933 1319 3980 p.

367 3979 491 4041 Compare
510 3981 623 4029 William
641 3982 670 4030 of
685 3981 829 4046 Jumitges,
853 3983 924 4050 ³58.)

365 4049 411 4098 lib.
431 4063 472 4098 111.
489 4053 653 4113 cap.10,ll,
671 4055 717 4113 123
735 4053 828 4103 Cbron.
888 4051 899 4084 ²
920 4056 1091 4106 Nornwnairae
1108 4051 1214 4123 gestia]
1234 4057 1265 4106 G.
1286 4055 1320 4103 D.

365 4119 485 4168 Sitbiena
510 4135 527 4168 a
553 4120 663 4170 Johenn.
688 4122 783 4184 Iperio,
804 4138 827 4173 c.
854 4125 1099 4188 E.pNormanniae,
1110 4125 1144 4176 A.
1157 4127 1186 4175 S.
1199 4128 1230 4175 L.

365 4192 417 4248 ²³3
436 4188 486 4238 and
504 4189 597 4240 Chron.
618 4190 704 4239 Sancti
722 4191 828 4241 Martini
889 4190 1023 4263 ³Droello.]
1050 4197 1078 4246 S.
1097 4198 1129 4246 Ε.
1147 4196 1197 4256 L.;
1214 4196 1320 4257 duellio,

365 4257 520 4308 Turonensis
532 4258 577 4324 (ex
589 4260 748 4310 Bibliotheca
758 4261 827 4311 'lhu-
854 4263 887 4312 A.
903 4266 932 4314 C.
945 4265 980 4314 D.
